@ARTICLE{kokubo98,
   author = {{Kokubo}, E. and {Ida}, S.},
    title = "{Oligarchic Growth of Protoplanets}",
  journal = {\icarus},
     year = 1998,
    month = jan,
   volume = 131,
    pages = {171-178},
      doi = {10.1006/icar.1997.5840},
   adsurl = {http://adsabs.harvard.edu/abs/1998Icar..131..171K},
  adsnote = {Provided by the SAO/NASA Astrophysics Data System}
}

@ARTICLE{kokubo96,
   author = {{Kokubo}, E. and {Ida}, S.},
    title = "{On Runaway Growth of Planetesimals}",
  journal = {\icarus},
     year = 1996,
    month = sep,
   volume = 123,
    pages = {180-191},
      doi = {10.1006/icar.1996.0148},
   adsurl = {http://adsabs.harvard.edu/abs/1996Icar..123..180K},
  adsnote = {Provided by the SAO/NASA Astrophysics Data System}
}

@ARTICLE{wetherill89,
   author = {{Wetherill}, G.~W. and {Stewart}, G.~R.},
    title = "{Accumulation of a swarm of small planetesimals}",
  journal = {\icarus},
 keywords = {Planetary Evolution, Protoplanets, Fokker-Planck Equation, Inelastic Collisions, Velocity Distribution, PLANETS, PLANETESIMALS, DYNAMICS, FORMATION, PARAMETERS, TIME SCALE, TERRESTRIAL PLANETS, EVOLUTION, ACCRETION, HYPOTHESES, CALCULATIONS, PROCEDURE, MASS, DISTRIBUTION, FRAGMENTATION, MODELS, DISTANCE},
     year = 1989,
    month = feb,
   volume = 77,
    pages = {330-357},
      doi = {10.1016/0019-1035(89)90093-6},
   adsurl = {http://adsabs.harvard.edu/abs/1989Icar...77..330W},
  adsnote = {Provided by the SAO/NASA Astrophysics Data System}
}

@ARTICLE{wetherill93,
   author = {{Wetherill}, G.~W. and {Stewart}, G.~R.},
    title = "{Formation of planetary embryos - Effects of fragmentation, low relative velocity, and independent variation of eccentricity and inclination}",
  journal = {\icarus},
 keywords = {Planetary Evolution, Protoplanets, Fragmentation, Embryos, Eccentricity},
     year = 1993,
    month = nov,
   volume = 106,
    pages = {190},
      doi = {10.1006/icar.1993.1166},
   adsurl = {http://adsabs.harvard.edu/abs/1993Icar..106..190W},
  adsnote = {Provided by the SAO/NASA Astrophysics Data System}
}

@ARTICLE{ida93,
   author = {{Ida}, S. and {Makino}, J.},
    title = "{Scattering of planetesimals by a protoplanet - Slowing down of runaway growth}",
  journal = {\icarus},
 keywords = {Protoplanets, Mass Distribution, Planetary Evolution, Many Body Problem, Computerized Simulation, Scattering, Spatial Distribution, Mass Ratios},
     year = 1993,
    month = nov,
   volume = 106,
    pages = {210},
      doi = {10.1006/icar.1993.1167},
   adsurl = {http://adsabs.harvard.edu/abs/1993Icar..106..210I},
  adsnote = {Provided by the SAO/NASA Astrophysics Data System}
}

@ARTICLE{hayashi81,
   author = {{Hayashi}, C.},
    title = "{Structure of the Solar Nebula, Growth and Decay of Magnetic Fields and Effects of Magnetic and Turbulent Viscosities on the Nebula}",
  journal = {Progress of Theoretical Physics Supplement},
     year = 1981,
   volume = 70,
    pages = {35-53},
      doi = {10.1143/PTPS.70.35},
   adsurl = {http://adsabs.harvard.edu/abs/1981PThPS..70...35H},
  adsnote = {Provided by the SAO/NASA Astrophysics Data System}
}

@ARTICLE{obrien06,
   author = {{O'Brien}, D.~P. and {Morbidelli}, A. and {Levison}, H.~F.},
    title = "{Terrestrial planet formation with strong dynamical friction}",
  journal = {\icarus},
     year = 2006,
    month = sep,
   volume = 184,
    pages = {39-58},
      doi = {10.1016/j.icarus.2006.04.005},
   adsurl = {http://adsabs.harvard.edu/abs/2006Icar..184...39O},
  adsnote = {Provided by the SAO/NASA Astrophysics Data System}
}

@ARTICLE{menon15,
   author = {{Menon}, H. and {Wesolowski}, L. and {Zheng}, G. et al.},
    title = "{Adaptive Techniques for Clustered N-Body Cosmological Simulations}",
  journal = {Computational Astrophysics and Cosmology},
     year = 2015,
   volume = 2,
    pages = {1},
   adsurl = {http://dx.doi.org/10.1186/s40668-015-0007-9}
}

@ARTICLE{jetley08,
   author = {{Jetley}, P. and {Gioachin}, F. and {Mendes}, C. {Kale}, L. and {Quinn}, T.},
    title = "{Massively parallel cosmological simulations with ChaNGa}",
  journal = {Proceedings of IEEE International Parallel and Distributed Processing Symposium},
     year = 2008
}

@ARTICLE{morbidelli09,
   author = {{Morbidelli}, A. and {Bottke}, W.~F. and {Nesvorn{\'y}}, D. and 
	{Levison}, H.~F.},
    title = "{Asteroids were born big}",
  journal = {\icarus},
archivePrefix = "arXiv",
   eprint = {0907.2512},
 primaryClass = "astro-ph.EP",
     year = 2009,
    month = dec,
   volume = 204,
    pages = {558-573},
      doi = {10.1016/j.icarus.2009.07.011},
   adsurl = {http://adsabs.harvard.edu/abs/2009Icar..204..558M},
  adsnote = {Provided by the SAO/NASA Astrophysics Data System}
}

@ARTICLE{weidenschilling11,
   author = {{Weidenschilling}, S.~J.},
    title = "{Initial sizes of planetesimals and accretion of the asteroids}",
  journal = {\icarus},
     year = 2011,
    month = aug,
   volume = 214,
    pages = {671-684},
      doi = {10.1016/j.icarus.2011.05.024},
   adsurl = {http://adsabs.harvard.edu/abs/2011Icar..214..671W},
  adsnote = {Provided by the SAO/NASA Astrophysics Data System}
}

@ARTICLE{johansen07,
   author = {{Johansen}, A. and {Oishi}, J.~S. and {Mac Low}, M.-M. and {Klahr}, H. and 
	{Henning}, T. and {Youdin}, A.},
    title = "{Rapid planetesimal formation in turbulent circumstellar disks}",
  journal = {\nat},
archivePrefix = "arXiv",
   eprint = {0708.3890},
     year = 2007,
    month = aug,
   volume = 448,
    pages = {1022-1025},
      doi = {10.1038/nature06086},
   adsurl = {http://adsabs.harvard.edu/abs/2007Natur.448.1022J},
  adsnote = {Provided by the SAO/NASA Astrophysics Data System}
}

@ARTICLE{johansen15,
   author = {{Johansen}, A. and {Mac Low}, M.-M. and {Lacerda}, P. and {Bizzarro}, M.
	},
    title = "{Growth of asteroids, planetary embryos, and Kuiper belt objects by chondrule accretion}",
  journal = {Science Advances},
archivePrefix = "arXiv",
   eprint = {1503.07347},
 primaryClass = "astro-ph.EP",
     year = 2015,
    month = apr,
   volume = 1,
      eid = {1500109},
    pages = {1500109},
      doi = {10.1126/sciadv.1500109},
   adsurl = {http://adsabs.harvard.edu/abs/2015SciA....1E0109J},
  adsnote = {Provided by the SAO/NASA Astrophysics Data System}
}

@ARTICLE{chambers10,
   author = {{Chambers}, J.~E.},
    title = "{Planetesimal formation by turbulent concentration}",
  journal = {\icarus},
     year = 2010,
    month = aug,
   volume = 208,
    pages = {505-517},
      doi = {10.1016/j.icarus.2010.03.004},
   adsurl = {http://adsabs.harvard.edu/abs/2010Icar..208..505C},
  adsnote = {Provided by the SAO/NASA Astrophysics Data System}
}

@ARTICLE{cuzzi10,
   author = {{Cuzzi}, J.~N. and {Hogan}, R.~C. and {Bottke}, W.~F.},
    title = "{Towards initial mass functions for asteroids and Kuiper Belt Objects}",
  journal = {\icarus},
archivePrefix = "arXiv",
   eprint = {1004.0270},
 primaryClass = "astro-ph.EP",
     year = 2010,
    month = aug,
   volume = 208,
    pages = {518-538},
      doi = {10.1016/j.icarus.2010.03.005},
   adsurl = {http://adsabs.harvard.edu/abs/2010Icar..208..518C},
  adsnote = {Provided by the SAO/NASA Astrophysics Data System}
}

@ARTICLE{cuzzi08,
   author = {{Cuzzi}, J.~N. and {Hogan}, R.~C. and {Shariff}, K.},
    title = "{Toward Planetesimals: Dense Chondrule Clumps in the Protoplanetary Nebula}",
  journal = {\apj},
archivePrefix = "arXiv",
   eprint = {0804.3526},
 keywords = {accretion, accretion disks, instabilities, minor planets, asteroids, solar system: formation, turbulence },
     year = 2008,
    month = nov,
   volume = 687,
      eid = {1432-1447},
    pages = {1432-1447},
      doi = {10.1086/591239},
   adsurl = {http://adsabs.harvard.edu/abs/2008ApJ...687.1432C},
  adsnote = {Provided by the SAO/NASA Astrophysics Data System}
}

@ARTICLE{hopkins16,
   author = {{Hopkins}, P.~F.},
    title = "{Jumping the gap: the formation conditions and mass function of `pebble-pile' planetesimals}",
  journal = {\mnras},
archivePrefix = "arXiv",
   eprint = {1401.2458},
 primaryClass = "astro-ph.EP",
 keywords = {accretion, accretion discs, hydrodynamics, instabilities, turbulence, planets and satellites: formation, protoplanetary discs},
     year = 2016,
    month = mar,
   volume = 456,
    pages = {2383-2405},
      doi = {10.1093/mnras/stv2820},
   adsurl = {http://adsabs.harvard.edu/abs/2016MNRAS.456.2383H},
  adsnote = {Provided by the SAO/NASA Astrophysics Data System}
}

@ARTICLE{garaud13,
   author = {{Garaud}, P. and {Meru}, F. and {Galvagni}, M. and {Olczak}, C.
	},
    title = "{From Dust to Planetesimals: An Improved Model for Collisional Growth in Protoplanetary Disks}",
  journal = {\apj},
archivePrefix = "arXiv",
   eprint = {1209.0013},
 primaryClass = "astro-ph.EP",
 keywords = {accretion, accretion disks, methods: numerical, planetary systems, planets and satellites: formation, protoplanetary disks },
     year = 2013,
    month = feb,
   volume = 764,
      eid = {146},
    pages = {146},
      doi = {10.1088/0004-637X/764/2/146},
   adsurl = {http://adsabs.harvard.edu/abs/2013ApJ...764..146G},
  adsnote = {Provided by the SAO/NASA Astrophysics Data System}
}

@ARTICLE{katoka13,
   author = {{Kataoka}, A. and {Tanaka}, H. and {Okuzumi}, S. and {Wada}, K.
	},
    title = "{Fluffy dust forms icy planetesimals by static compression}",
  journal = {\aap},
archivePrefix = "arXiv",
   eprint = {1307.7984},
 primaryClass = "astro-ph.EP",
 keywords = {planets and satellites: formation, methods: analytical, protoplanetary disks},
     year = 2013,
    month = sep,
   volume = 557,
      eid = {L4},
    pages = {L4},
      doi = {10.1051/0004-6361/201322151},
   adsurl = {http://adsabs.harvard.edu/abs/2013A%26A...557L...4K},
  adsnote = {Provided by the SAO/NASA Astrophysics Data System}
}

@ARTICLE{okuzumi12,
   author = {{Okuzumi}, S. and {Tanaka}, H. and {Kobayashi}, H. and {Wada}, K.
	},
    title = "{Rapid Coagulation of Porous Dust Aggregates outside the Snow Line: A Pathway to Successful Icy Planetesimal Formation}",
  journal = {\apj},
archivePrefix = "arXiv",
   eprint = {1204.5035},
 primaryClass = "astro-ph.EP",
 keywords = {dust, extinction, planets and satellites: formation, protoplanetary disks},
     year = 2012,
    month = jun,
   volume = 752,
      eid = {106},
    pages = {106},
      doi = {10.1088/0004-637X/752/2/106},
   adsurl = {http://adsabs.harvard.edu/abs/2012ApJ...752..106O},
  adsnote = {Provided by the SAO/NASA Astrophysics Data System}
}

@ARTICLE{windmark12,
   author = {{Windmark}, F. and {Birnstiel}, T. and {G{\"u}ttler}, C. and 
	{Blum}, J. and {Dullemond}, C.~P. and {Henning}, T.},
    title = "{Planetesimal formation by sweep-up: how the bouncing barrier can be beneficial to growth}",
  journal = {\aap},
archivePrefix = "arXiv",
   eprint = {1201.4282},
 primaryClass = "astro-ph.EP",
 keywords = {accretion, accretion disks, protoplanetary disks, stars: pre-main sequence, planets and satellites: formation, circumstellar matter},
     year = 2012,
    month = apr,
   volume = 540,
      eid = {A73},
    pages = {A73},
      doi = {10.1051/0004-6361/201118475},
   adsurl = {http://adsabs.harvard.edu/abs/2012A%26A...540A..73W},
  adsnote = {Provided by the SAO/NASA Astrophysics Data System}
}

@ARTICLE{barnes09,
   author = {{Barnes}, R. and {Quinn}, T.~R. and {Lissauer}, J.~J. and {Richardson}, D.~C.
	},
    title = "{N-Body simulations of growth from 1 km planetesimals at 0.4 AU}",
  journal = {\icarus},
archivePrefix = "arXiv",
   eprint = {0903.4737},
 primaryClass = "astro-ph.EP",
     year = 2009,
    month = oct,
   volume = 203,
    pages = {626-643},
      doi = {10.1016/j.icarus.2009.03.042},
   adsurl = {http://adsabs.harvard.edu/abs/2009Icar..203..626B},
  adsnote = {Provided by the SAO/NASA Astrophysics Data System}
}

@ARTICLE{2014ApJ...780...22L,
   author = {{Lithwick}, Y.},
    title = "{After Runaway: The Trans-Hill Stage of Planetesimal Growth}",
  journal = {\apj},
archivePrefix = "arXiv",
   eprint = {1303.3890},
 primaryClass = "astro-ph.EP",
 keywords = {celestial mechanics, Kuiper Belt: general, minor planets, asteroids: general, planets and satellites: formation},
     year = 2014,
    month = jan,
   volume = 780,
      eid = {22},
    pages = {22},
      doi = {10.1088/0004-637X/780/1/22},
   adsurl = {http://adsabs.harvard.edu/abs/2014ApJ...780...22L},
  adsnote = {Provided by the SAO/NASA Astrophysics Data System}
}

@ARTICLE{2015ApJ...801...15S,
   author = {{Shannon}, A. and {Wu}, Y. and {Lithwick}, Y.},
    title = "{Conglomeration of Kilometer-sized Planetesimals}",
  journal = {\apj},
archivePrefix = "arXiv",
   eprint = {1303.3888},
 primaryClass = "astro-ph.EP",
 keywords = {circumstellar matter, Kuiper belt: general, minor planets, asteroids: general, planetary systems, planets and satellites: formation, protoplanetary disks},
     year = 2015,
    month = mar,
   volume = 801,
      eid = {15},
    pages = {15},
      doi = {10.1088/0004-637X/801/1/15},
   adsurl = {http://adsabs.harvard.edu/abs/2015ApJ...801...15S},
  adsnote = {Provided by the SAO/NASA Astrophysics Data System}
}

@ARTICLE{morishima17,
   author = {{Morishima}, R.},
    title = "{Onset of oligarchic growth and implication for accretion histories of dwarf planets}",
  journal = {\icarus},
archivePrefix = "arXiv",
   eprint = {1608.00043},
 primaryClass = "astro-ph.EP",
 keywords = {Accretion, Planetary formation, Origin, Solar System, Asteroids, Kuiper belt},
     year = 2017,
    month = jan,
   volume = 281,
    pages = {459-475},
      doi = {10.1016/j.icarus.2016.07.019},
   adsurl = {http://adsabs.harvard.edu/abs/2017Icar..281..459M},
  adsnote = {Provided by the SAO/NASA Astrophysics Data System}
}

@ARTICLE{chambers98,
   author = {{Chambers}, J.~E. and {Wetherill}, G.~W.},
    title = "{Making the Terrestrial Planets: N-Body Integrations of Planetary Embryos in Three Dimensions}",
  journal = {\icarus},
     year = 1998,
    month = dec,
   volume = 136,
    pages = {304-327},
      doi = {10.1006/icar.1998.6007},
   adsurl = {http://adsabs.harvard.edu/abs/1998Icar..136..304C},
  adsnote = {Provided by the SAO/NASA Astrophysics Data System}
}

@ARTICLE{2004Icar..168....1R,
       author = {{Raymond}, Sean N. and {Quinn}, Thomas and {Lunine}, Jonathan I.},
        title = "{Making other earths: dynamical simulations of terrestrial planet
        formation and water delivery}",
      journal = {\icarus},
     keywords = {Astrophysics},
         year = 2004,
        month = Mar,
       volume = {168},
        pages = {1-17},
          doi = {10.1016/j.icarus.2003.11.019},
archivePrefix = {arXiv},
       eprint = {astro-ph/0308159},
       adsurl = {https://ui.adsabs.harvard.edu/#abs/2004Icar..168....1R},
      adsnote = {Provided by the SAO/NASA Astrophysics Data System}
}

@ARTICLE{raymond06,
   author = {{Raymond}, S.~N. and {Quinn}, T. and {Lunine}, J.~I.},
    title = "{High-resolution simulations of the final assembly of Earth-like planets I. Terrestrial accretion and dynamics}",
  journal = {\icarus},
   eprint = {astro-ph/0510284},
     year = 2006,
    month = aug,
   volume = 183,
    pages = {265-282},
      doi = {10.1016/j.icarus.2006.03.011},
   adsurl = {http://adsabs.harvard.edu/abs/2006Icar..183..265R},
  adsnote = {Provided by the SAO/NASA Astrophysics Data System}
}

@ARTICLE{morishima15,
   author = {{Morishima}, R.},
    title = "{A particle-based hybrid code for planet formation}",
  journal = {\icarus},
archivePrefix = "arXiv",
   eprint = {1508.07377},
 primaryClass = "astro-ph.EP",
 keywords = {Accretion, Planetary formation, Planetary rings, Planets, migration, Origin, Solar System},
     year = 2015,
    month = nov,
   volume = 260,
    pages = {368-395},
      doi = {10.1016/j.icarus.2015.07.030},
   adsurl = {http://adsabs.harvard.edu/abs/2015Icar..260..368M},
  adsnote = {Provided by the SAO/NASA Astrophysics Data System}
}

@ARTICLE{greenberg78,
   author = {{Greenberg}, R. and {Hartmann}, W.~K. and {Chapman}, C.~R. and 
	{Wacker}, J.~F.},
    title = "{Planetesimals to planets - Numerical simulation of collisional evolution}",
  journal = {\icarus},
 keywords = {Collision Parameters, Computerized Simulation, Gravitational Effects, Planetary Evolution, Solar Simulation, Algorithms, Escape Velocity, Mass Distribution, Orbital Elements, Particle Size Distribution, Velocity Distribution},
     year = 1978,
    month = jul,
   volume = 35,
    pages = {1-26},
      doi = {10.1016/0019-1035(78)90057-X},
   adsurl = {http://adsabs.harvard.edu/abs/1978Icar...35....1G},
  adsnote = {Provided by the SAO/NASA Astrophysics Data System}
}

@ARTICLE{2012PTEP.2012aA308K,
   author = {{Kokubo}, E. and {Ida}, S.},
    title = "{Dynamics and accretion of planetesimals}",
  journal = {Progress of Theoretical and Experimental Physics},
archivePrefix = "arXiv",
   eprint = {1212.1558},
 primaryClass = "astro-ph.EP",
     year = 2012,
    month = oct,
   volume = 2012,
   number = 1,
      eid = {01A308},
    pages = {01A308},
      doi = {10.1093/ptep/pts032},
   adsurl = {http://adsabs.harvard.edu/abs/2012PTEP.2012aA308K},
  adsnote = {Provided by the SAO/NASA Astrophysics Data System}
}

@ARTICLE{weinberg07a,
       author = {{Weinberg}, Martin D. and {Katz}, Neal},
        title = "{The bar-halo interaction - I. From fundamental dynamics to revised N-body requirements}",
      journal = {\mnras},
     keywords = {stellar dynamics, galaxies: evolution, galaxies: haloes, galaxy: structure, dark matter, Astrophysics},
         year = 2007,
        month = feb,
       volume = {375},
       number = {2},
        pages = {425-459},
          doi = {10.1111/j.1365-2966.2006.11306.x},
archivePrefix = {arXiv},
       eprint = {astro-ph/0508166},
 primaryClass = {astro-ph},
       adsurl = {https://ui.adsabs.harvard.edu/abs/2007MNRAS.375..425W},
      adsnote = {Provided by the SAO/NASA Astrophysics Data System}
}

@ARTICLE{weinberg07b,
   author = {{Weinberg}, M.~D. and {Katz}, N.},
    title = "{The bar-halo interaction - II. Secular evolution and the religion of N-body simulations}",
  journal = {\mnras},
   eprint = {astro-ph/0601138},
 keywords = {stellar dynamics , Galaxy: kinematics and dynamics , galaxies: formation , cosmology: observations , cosmology: theory , dark matter},
     year = 2007,
    month = feb,
   volume = 375,
    pages = {460-476},
      doi = {10.1111/j.1365-2966.2006.11307.x},
   adsurl = {http://adsabs.harvard.edu/abs/2007MNRAS.375..460W},
  adsnote = {Provided by the SAO/NASA Astrophysics Data System}
}

@ARTICLE{kokubo02,
   author = {{Kokubo}, E. and {Ida}, S.},
    title = "{Formation of Protoplanet Systems and Diversity of Planetary Systems}",
  journal = {\apj},
 keywords = {Stars: Planetary Systems, Stars: Planetary Systems: Formation, Solar System: Formation},
     year = 2002,
    month = dec,
   volume = 581,
    pages = {666-680},
      doi = {10.1086/344105},
   adsurl = {http://adsabs.harvard.edu/abs/2002ApJ...581..666K},
  adsnote = {Provided by the SAO/NASA Astrophysics Data System}
}

@INBOOK{jedicke02,
   author = {{Jedicke}, R. and {Larsen}, J. and {Spahr}, T.},
    title = "{Observational Selection Effects in Asteroid Surveys}",
booktitle = {Asteroids III},
     year = 2002,
   editor = {{Bottke}, Jr., W.~F. and {Cellino}, A. and {Paolicchi}, P. and 
	{Binzel}, R.~P.},
    pages = {71-87},
   adsurl = {http://adsabs.harvard.edu/abs/2002aste.book...71J},
  adsnote = {Provided by the SAO/NASA Astrophysics Data System}
}

@ARTICLE{leinhardt05,
   author = {{Leinhardt}, Z.~M. and {Richardson}, D.~C.},
    title = "{Planetesimals to Protoplanets. I. Effect of Fragmentation on Terrestrial Planet Formation}",
  journal = {\apj},
 keywords = {Methods: n-Body Simulations, Stars: Planetary Systems, Solar System: Formation},
     year = 2005,
    month = may,
   volume = 625,
    pages = {427-440},
      doi = {10.1086/429402},
   adsurl = {http://adsabs.harvard.edu/abs/2005ApJ...625..427L},
  adsnote = {Provided by the SAO/NASA Astrophysics Data System}
}

@BOOK{2000ssd..book.....M,
   author = {{Murray}, C.~D. and {Dermott}, S.~F.},
    title = "{Solar System Dynamics}",
booktitle = {``Solar System Dynamics, by C.D.~Murray and S.F.~Dermott.~ISBN 0521575974.~<A href=''http://www.cambridge.org/us/catalogue/catalogue.asp?isbn=0521575974.~Cambridge``>http://www.cambridge.org/us/catalogue/catalogue.asp?isbn=0521575974 </A>Cambridge, UK: Cambridge University Press, 1999.''},
     year = 2000,
    month = feb,
   adsurl = {http://adsabs.harvard.edu/abs/2000ssd..book.....M},
  adsnote = {Provided by the SAO/NASA Astrophysics Data System}
}

@ARTICLE{winter97,
   author = {{Winter}, O.~C. and {Murray}, C.~D.},
    title = "{Resonance and chaos. I. First-order interior resonances.}",
  journal = {\aap},
 keywords = {CHAOS, CELESTIAL MECHANICS, MINOR PLANETS},
     year = 1997,
    month = mar,
   volume = 319,
    pages = {290-304},
   adsurl = {http://adsabs.harvard.edu/abs/1997A%26A...319..290W},
  adsnote = {Provided by the SAO/NASA Astrophysics Data System}
}

@ARTICLE{duncan89,
   author = {{Duncan}, M. and {Quinn}, T. and {Tremaine}, S.},
    title = "{The long-term evolution of orbits in the solar system - A mapping approach}",
  journal = {\icarus},
 keywords = {Orbit Perturbation, Planetary Mapping, Planetary Orbits, Solar System, Three Body Problem, Approximation, Celestial Mechanics, Eccentric Orbits, Orbital Elements, Planetary Evolution},
     year = 1989,
    month = dec,
   volume = 82,
    pages = {402-418},
      doi = {10.1016/0019-1035(89)90047-X},
   adsurl = {http://adsabs.harvard.edu/abs/1989Icar...82..402D},
  adsnote = {Provided by the SAO/NASA Astrophysics Data System}
}

@ARTICLE{richardson94,
       author = {{Richardson}, D.~C.},
        title = "{Tree Code Simulations of Planetary Rings}",
      journal = {\mnras},
         year = 1994,
        month = Jul,
       volume = {269},
        pages = {493},
          doi = {10.1093/mnras/269.2.493},
       adsurl = {https://ui.adsabs.harvard.edu/#abs/1994MNRAS.269..493R},
      adsnote = {Provided by the SAO/NASA Astrophysics Data System}
}


@ARTICLE{richardson00,
   author = {{Richardson}, D.~C. and {Quinn}, T. and {Stadel}, J. and {Lake}, G.
	},
    title = "{Direct Large-Scale N-Body Simulations of Planetesimal Dynamics}",
  journal = {\icarus},
     year = 2000,
    month = jan,
   volume = 143,
    pages = {45-59},
      doi = {10.1006/icar.1999.6243},
   adsurl = {http://adsabs.harvard.edu/abs/2000Icar..143...45R},
  adsnote = {Provided by the SAO/NASA Astrophysics Data System}
}

@ARTICLE{bottke05,
   author = {{Bottke}, W.~F. and {Durda}, D.~D. and {Nesvorn{\'y}}, D. and 
	{Jedicke}, R. and {Morbidelli}, A. and {Vokrouhlick{\'y}}, D. and 
	{Levison}, H.},
    title = "{The fossilized size distribution of the main asteroid belt}",
  journal = {\icarus},
     year = 2005,
    month = may,
   volume = 175,
    pages = {111-140},
      doi = {10.1016/j.icarus.2004.10.026},
   adsurl = {http://adsabs.harvard.edu/abs/2005Icar..175..111B},
  adsnote = {Provided by the SAO/NASA Astrophysics Data System}
}

@ARTICLE{2012AREPS..40..251M,
   author = {{Morbidelli}, A. and {Lunine}, J.~I. and {O'Brien}, D.~P. and 
	{Raymond}, S.~N. and {Walsh}, K.~J.},
    title = "{Building Terrestrial Planets}",
  journal = {Annual Review of Earth and Planetary Sciences},
archivePrefix = "arXiv",
   eprint = {1208.4694},
 primaryClass = "astro-ph.EP",
     year = 2012,
    month = may,
   volume = 40,
    pages = {251-275},
      doi = {10.1146/annurev-earth-042711-105319},
   adsurl = {http://adsabs.harvard.edu/abs/2012AREPS..40..251M},
  adsnote = {Provided by the SAO/NASA Astrophysics Data System}
}

@INPROCEEDINGS{leinhardt08,
   author = {{Leinhardt}, Z.~M.},
    title = "{Terrestrial Planet Formation: A Review and Current Directions}",
booktitle = {Extreme Solar Systems},
     year = 2008,
   series = {Astronomical Society of the Pacific Conference Series},
   volume = 398,
   editor = {{Fischer}, D. and {Rasio}, F.~A. and {Thorsett}, S.~E. and {Wolszczan}, A.
	},
    pages = {225},
   adsurl = {http://adsabs.harvard.edu/abs/2008ASPC..398..225L},
  adsnote = {Provided by the SAO/NASA Astrophysics Data System}
}

@ARTICLE{levison12,
   author = {{Levison}, H.~F. and {Duncan}, M.~J. and {Thommes}, E.},
    title = "{A Lagrangian Integrator for Planetary Accretion and Dynamics (LIPAD)}",
  journal = {\aj},
archivePrefix = "arXiv",
   eprint = {1207.0754},
 primaryClass = "astro-ph.EP",
 keywords = {celestial mechanics, methods: numerical, planets and satellites: formation},
     year = 2012,
    month = oct,
   volume = 144,
      eid = {119},
    pages = {119},
      doi = {10.1088/0004-6256/144/4/119},
   adsurl = {http://adsabs.harvard.edu/abs/2012AJ....144..119L},
  adsnote = {Provided by the SAO/NASA Astrophysics Data System}
}

@BOOK{2013apf..book.....A,
   author = {{Armitage}, P.~J.},
    title = "{Astrophysics of Planet Formation}",
booktitle = {Astrophysics of Planet Formation, by Philip J.~Armitage, Cambridge, UK: Cambridge University Press, 2013},
     year = 2013,
    month = oct,
   adsurl = {http://adsabs.harvard.edu/abs/2013apf..book.....A},
  adsnote = {Provided by the SAO/NASA Astrophysics Data System}
}

@ARTICLE{murrayclay06,
   author = {{Murray-Clay}, R.~A. and {Chiang}, E.~I.},
    title = "{Brownian Motion in Planetary Migration}",
  journal = {\apj},
   eprint = {astro-ph/0607203},
 keywords = {Celestial Mechanics, Diffusion, Kuiper Belt, Planets and Satellites: Formation, Solar System: Formation},
     year = 2006,
    month = nov,
   volume = 651,
    pages = {1194-1208},
      doi = {10.1086/507514},
   adsurl = {http://adsabs.harvard.edu/abs/2006ApJ...651.1194M},
  adsnote = {Provided by the SAO/NASA Astrophysics Data System}
}

@ARTICLE{ohtsuki02,
   author = {{Ohtsuki}, K. and {Stewart}, G.~R. and {Ida}, S.},
    title = "{Evolution of Planetesimal Velocities Based on Three-Body Orbital Integrations and Growth of Protoplanets}",
  journal = {\icarus},
     year = 2002,
    month = feb,
   volume = 155,
    pages = {436-453},
      doi = {10.1006/icar.2001.6741},
   adsurl = {http://adsabs.harvard.edu/abs/2002Icar..155..436O},
  adsnote = {Provided by the SAO/NASA Astrophysics Data System}
}

@ARTICLE{goldreich73,
   author = {{Goldreich}, P. and {Ward}, W.~R.},
    title = "{The Formation of Planetesimals}",
  journal = {\apj},
     year = 1973,
    month = aug,
   volume = 183,
    pages = {1051-1062},
      doi = {10.1086/152291},
   adsurl = {http://adsabs.harvard.edu/abs/1973ApJ...183.1051G},
  adsnote = {Provided by the SAO/NASA Astrophysics Data System}
}

@ARTICLE{youdin02,
   author = {{Youdin}, A.~N. and {Shu}, F.~H.},
    title = "{Planetesimal Formation by Gravitational Instability}",
  journal = {\apj},
   eprint = {astro-ph/0207536},
 keywords = {Instabilities, Stars: Planetary Systems: Formation- Stars: Planetary Systems: Protoplanetary Disks, Turbulence},
     year = 2002,
    month = nov,
   volume = 580,
    pages = {494-505},
      doi = {10.1086/343109},
   adsurl = {http://adsabs.harvard.edu/abs/2002ApJ...580..494Y},
  adsnote = {Provided by the SAO/NASA Astrophysics Data System}
}

@ARTICLE{agnor99,
   author = {{Agnor}, C.~B. and {Canup}, R.~M. and {Levison}, H.~F.},
    title = "{On the Character and Consequences of Large Impacts in the Late Stage of Terrestrial Planet Formation}",
  journal = {\icarus},
     year = 1999,
    month = nov,
   volume = 142,
    pages = {219-237},
      doi = {10.1006/icar.1999.6201},
   adsurl = {http://adsabs.harvard.edu/abs/1999Icar..142..219A},
  adsnote = {Provided by the SAO/NASA Astrophysics Data System}
}

@ARTICLE{chambers01,
   author = {{Chambers}, J.~E.},
    title = "{Making More Terrestrial Planets}",
  journal = {\icarus},
     year = 2001,
    month = aug,
   volume = 152,
    pages = {205-224},
      doi = {10.1006/icar.2001.6639},
   adsurl = {http://adsabs.harvard.edu/abs/2001Icar..152..205C},
  adsnote = {Provided by the SAO/NASA Astrophysics Data System}
}

@ARTICLE{wetherill92,
   author = {{Wetherill}, G.~W.},
    title = "{An alternative model for the formation of the asteroids}",
  journal = {\icarus},
 keywords = {Asteroid Belts, Astronomical Models, Orbital Elements, Planetary Evolution, Meteorite Collisions, Orbital Resonances (Celestial Mechanics), Solar System Evolution, Terrestrial Planets},
     year = 1992,
    month = dec,
   volume = 100,
    pages = {307-325},
      doi = {10.1016/0019-1035(92)90103-E},
   adsurl = {http://adsabs.harvard.edu/abs/1992Icar..100..307W},
  adsnote = {Provided by the SAO/NASA Astrophysics Data System}
}


@ARTICLE{raymond09,
   author = {{Raymond}, S.~N. and {O'Brien}, D.~P. and {Morbidelli}, A. and 
	{Kaib}, N.~A.},
    title = "{Building the terrestrial planets: Constrained accretion in the inner Solar System}",
  journal = {\icarus},
archivePrefix = "arXiv",
   eprint = {0905.3750},
 primaryClass = "astro-ph.EP",
     year = 2009,
    month = oct,
   volume = 203,
    pages = {644-662},
      doi = {10.1016/j.icarus.2009.05.016},
   adsurl = {http://adsabs.harvard.edu/abs/2009Icar..203..644R},
  adsnote = {Provided by the SAO/NASA Astrophysics Data System}
}

@ARTICLE{morishima10,
   author = {{Morishima}, R. and {Stadel}, J. and {Moore}, B.},
    title = "{From planetesimals to terrestrial planets: N-body simulations including the effects of nebular gas and giant planets}",
  journal = {\icarus},
archivePrefix = "arXiv",
   eprint = {1007.0579},
 primaryClass = "astro-ph.EP",
     year = 2010,
    month = jun,
   volume = 207,
    pages = {517-535},
      doi = {10.1016/j.icarus.2009.11.038},
   adsurl = {http://adsabs.harvard.edu/abs/2010Icar..207..517M},
  adsnote = {Provided by the SAO/NASA Astrophysics Data System}
}

@ARTICLE{izidoro15,
   author = {{Izidoro}, A. and {Raymond}, S.~N. and {Morbidelli}, A. and 
	{Winter}, O.~C.},
    title = "{Terrestrial planet formation constrained by Mars and the structure of the asteroid belt}",
  journal = {\mnras},
archivePrefix = "arXiv",
   eprint = {1508.01365},
 primaryClass = "astro-ph.EP",
 keywords = {methods: numerical, planets and satellites: formation},
     year = 2015,
    month = nov,
   volume = 453,
    pages = {3619-3634},
      doi = {10.1093/mnras/stv1835},
   adsurl = {http://adsabs.harvard.edu/abs/2015MNRAS.453.3619I},
  adsnote = {Provided by the SAO/NASA Astrophysics Data System}
}

@ARTICLE{donahue82,
   author = {{Donahue}, T.~M. and {Hoffman}, J.~H. and {Hodges}, R.~R. and 
	{Watson}, A.~J.},
    title = "{Venus was wet - A measurement of the ratio of deuterium to hydrogen}",
  journal = {Science},
 keywords = {Abundance, Deuterium, Planetary Composition, Planetary Evolution, Venus Atmosphere, Water, Atmospheric Composition, Outgassing, VENUS, WATER, DEUTERIUM, HYDROGEN, ELEMENT RATIOS, ABUNDANCE, DATA, ATMOSPHERE, PIONEER VENUS, MASS SPECTROMETER, SULFURIC ACID, CLOUDS, ENRICHMENT, OUTGASSING, CARBON DIOXIDE, SULFUR DIOXIDE, HYRODYNAMICS, ESCAPE, MIXING RATIO, LNMS, WATER VAPOR},
     year = 1982,
    month = may,
   volume = 216,
    pages = {630-633},
      doi = {10.1126/science.216.4546.630},
   adsurl = {http://adsabs.harvard.edu/abs/1982Sci...216..630D},
  adsnote = {Provided by the SAO/NASA Astrophysics Data System}
}

@ARTICLE{lecar86,
   author = {{Lecar}, M. and {Aarseth}, S.~J.},
    title = "{A numerical simulation of the formation of the terrestrial planets}",
  journal = {\apj},
 keywords = {Astronomical Models, Computational Astrophysics, Many Body Problem, Planetary Evolution, Protoplanets, Terrestrial Planets, Circular Orbits, Earth (Planet), Gravitational Effects, Inelastic Collisions, Planetary Mass, Radial Velocity, Solar System, Venus (Planet), PLANETS, TERRESTRIAL PLANETS, SIMULATIONS, PLANETESIMALS, PARAMETERS, SIZE, DISTRIBUTION, ORBITS, COLLISIONS, FORMATION, DENSITY, MASS, ECCENTRICITY, DISTANCE, INCLINATION, TIME SCALE},
     year = 1986,
    month = jun,
   volume = 305,
    pages = {564-579},
      doi = {10.1086/164269},
   adsurl = {http://adsabs.harvard.edu/abs/1986ApJ...305..564L},
  adsnote = {Provided by the SAO/NASA Astrophysics Data System}
}

@ARTICLE{kokubo95,
   author = {{Kokubo}, E. and {Ida}, S.},
    title = "{Orbital evolution of protoplanets embedded in a swarm of planetesimals}",
  journal = {\icarus},
 keywords = {Computerized Simulation, Many Body Problem, Orbit Calculation, Orbital Elements, Orbital Mechanics, Perturbation, Planetary Evolution, Protoplanets, Circular Orbits, Eccentricity, Scattering},
     year = 1995,
    month = apr,
   volume = 114,
    pages = {247-257},
      doi = {10.1006/icar.1995.1059},
   adsurl = {http://adsabs.harvard.edu/abs/1995Icar..114..247K},
  adsnote = {Provided by the SAO/NASA Astrophysics Data System}
}

@ARTICLE{rafikov03,
       author = {{Rafikov}, R.~R.},
        title = "{Dynamical Evolution of Planetesimals in Protoplanetary Disks}",
      journal = {\aj},
     keywords = {Kuiper Belt, Stars: Planetary Systems: Formation, Solar System:
        Formation, Astrophysics},
         year = 2003,
        month = Nov,
       volume = {126},
        pages = {2529-2548},
          doi = {10.1086/378609},
archivePrefix = {arXiv},
       eprint = {astro-ph/0306244},
       adsurl = {https://ui.adsabs.harvard.edu/#abs/2003AJ....126.2529R},
      adsnote = {Provided by the SAO/NASA Astrophysics Data System}
}

@ARTICLE{ormel10,
       author = {{Ormel}, C.~W. and {Dullemond}, C.~P. and {Spaans}, M.},
        title = "{Accretion among preplanetary bodies: The many faces of runaway growth}",
      journal = {\icarus},
     keywords = {Astrophysics - Earth and Planetary Astrophysics},
         year = 2010,
        month = Nov,
       volume = {210},
        pages = {507-538},
          doi = {10.1016/j.icarus.2010.06.011},
archivePrefix = {arXiv},
       eprint = {1006.3186},
       adsurl = {https://ui.adsabs.harvard.edu/#abs/2010Icar..210..507O},
      adsnote = {Provided by the SAO/NASA Astrophysics Data System}
}

@ARTICLE{chandraesekhar43,
       author = {{Chandrasekhar}, S.},
        title = "{Dynamical Friction. I. General Considerations: the Coefficient of
        Dynamical Friction.}",
      journal = {\apj},
         year = 1943,
        month = Mar,
       volume = {97},
        pages = {255},
          doi = {10.1086/144517},
       adsurl = {https://ui.adsabs.harvard.edu/#abs/1943ApJ....97..255C},
      adsnote = {Provided by the SAO/NASA Astrophysics Data System}
}

@BOOK{1960psd..book.....C,
       author = {{Chandrasekhar}, Subrahmanyan},
        title = "{Principles of stellar dynamics}",
         year = "1960",
       adsurl = {https://ui.adsabs.harvard.edu/abs/1960psd..book.....C},
      adsnote = {Provided by the SAO/NASA Astrophysics Data System}
}

@ARTICLE{ida92,
       author = {{Ida}, Shigeru and {Makino}, Junichiro},
        title = "{N-Body simulation of gravitational interaction between planetesimals and
        a protoplanet . I. velocity distribution of planetesimals}",
      journal = {\icarus},
     keywords = {Computerized Simulation, Gravitational Effects, Many Body Problem,
        Protoplanets, Normal Density Functions, Solar Gravitation, Three
        Dimensional Models, Lunar and Planetary Exploration},
         year = 1992,
        month = Mar,
       volume = {96},
        pages = {107-120},
          doi = {10.1016/0019-1035(92)90008-U},
       adsurl = {https://ui.adsabs.harvard.edu/#abs/1992Icar...96..107I},
      adsnote = {Provided by the SAO/NASA Astrophysics Data System}
}

@MISC{pontzen13,
       author = {{Pontzen}, Andrew and {Ro{\v{s}}kar}, Rok and {Stinson}, Greg and
        {Woods}, Rory},
        title = "{pynbody: N-Body/SPH analysis for python}",
     keywords = {Software},
 howpublished = {Astrophysics Source Code Library},
         year = 2013,
        month = May,
          eid = {ascl:1305.002},
        pages = {ascl:1305.002},
archivePrefix = {ascl},
       eprint = {1305.002},
       adsurl = {https://ui.adsabs.harvard.edu/#abs/2013ascl.soft05002P},
      adsnote = {Provided by the SAO/NASA Astrophysics Data System}
}

@ARTICLE{cionco02,
       author = {{Cionco}, R.~G. and {Brunini}, A.},
        title = "{Orbital migrations in planetesimal discs: N-body simulations and the
        resonant dynamical friction}",
      journal = {\mnras},
     keywords = {stellar dynamics, celestial mechanics, planets and satellites: general,
        Solar system: formation, planetary systems},
         year = 2002,
        month = Jul,
       volume = {334},
        pages = {77-86},
          doi = {10.1046/j.1365-8711.2002.05477.x},
       adsurl = {https://ui.adsabs.harvard.edu/#abs/2002MNRAS.334...77C},
      adsnote = {Provided by the SAO/NASA Astrophysics Data System}
}

@ARTICLE{brunini07,
       author = {{Brunini}, Adri{\'a}n and {Santamar{\'\i}a}, Pablo J. and {Viturro},
        H{\'e}ctor R. and {Cionco}, Rodolfo G.},
        title = "{On the number of particles in N-body simulations of planet disk
        interaction}",
      journal = {Planetary and Space Science},
         year = 2007,
        month = Nov,
       volume = {55},
        pages = {2121-2127},
          doi = {10.1016/j.pss.2007.06.002},
       adsurl = {https://ui.adsabs.harvard.edu/#abs/2007P&SS...55.2121B},
      adsnote = {Provided by the SAO/NASA Astrophysics Data System}
}

@ARTICLE{lyndenbell72,
       author = {{Lynden-Bell}, D. and {Kalnajs}, A.~J.},
        title = "{On the generating mechanism of spiral structure}",
      journal = {\mnras},
         year = 1972,
        month = Jan,
       volume = {157},
        pages = {1},
          doi = {10.1093/mnras/157.1.1},
       adsurl = {https://ui.adsabs.harvard.edu/#abs/1972MNRAS.157....1L},
      adsnote = {Provided by the SAO/NASA Astrophysics Data System}
}

@ARTICLE{adachi76,
       author = {{Adachi}, I. and {Hayashi}, C. and {Nakazawa}, K.},
        title = "{The gas drag effect on the elliptical motion of a solid body in the primordial solar nebula.}",
      journal = {Progress of Theoretical Physics},
         year = 1976,
        month = Dec,
       volume = {56},
        pages = {1756-1771},
          doi = {10.1143/PTP.56.1756},
       adsurl = {https://ui.adsabs.harvard.edu/\#abs/1976PThPh..56.1756A},
      adsnote = {Provided by the SAO/NASA Astrophysics Data System}
}

@ARTICLE{2000Icar..143...15K,
       author = {{Kokubo}, Eiichiro and {Ida}, Shigeru},
        title = "{Formation of Protoplanets from Planetesimals in the Solar Nebula}",
      journal = {\icarus},
         year = 2000,
        month = Jan,
       volume = {143},
        pages = {15-27},
          doi = {10.1006/icar.1999.6237},
       adsurl = {https://ui.adsabs.harvard.edu/\#abs/2000Icar..143...15K},
      adsnote = {Provided by the SAO/NASA Astrophysics Data System}
}

@ARTICLE{weidenschilling77,
       author = {{Weidenschilling}, S.~J.},
        title = "{Aerodynamics of solid bodies in the solar nebula.}",
      journal = {\mnras},
     keywords = {Aerodynamic Drag, Interplanetary Dust, Nebulae, Radial Velocity, Solids, Sun, Equations Of Motion, Fractionation, Orbital Velocity, Particle Collisions, Particle Motion, Pressure Gradients, Stellar Models, Wind Velocity, Astrophysics},
         year = 1977,
        month = Jul,
       volume = {180},
        pages = {57-70},
          doi = {10.1093/mnras/180.1.57},
       adsurl = {https://ui.adsabs.harvard.edu/\#abs/1977MNRAS.180...57W},
      adsnote = {Provided by the SAO/NASA Astrophysics Data System}
}

@ARTICLE{1986Icar...67..375N,
       author = {{Nakagawa}, Y. and {Sekiya}, M. and {Hayashi}, C.},
        title = "{Settling and growth of dust particles in a laminar phase of a low-mass solar nebula}",
      journal = {\icarus},
     keywords = {Cosmic Dust, Laminar Flow, Particle Size Distribution, Solar Corona, Stellar Evolution, Computational Astrophysics, Convection Currents, Plasma Turbulence, Stellar Mass, Two Phase Flow, Astrophysics},
         year = 1986,
        month = Sep,
       volume = {67},
        pages = {375-390},
          doi = {10.1016/0019-1035(86)90121-1},
       adsurl = {https://ui.adsabs.harvard.edu/\#abs/1986Icar...67..375N},
      adsnote = {Provided by the SAO/NASA Astrophysics Data System}
}

@ARTICLE{2015ApJ...811...54G,
       author = {{Grishin}, Evgeni and {Perets}, Hagai B.},
        title = "{Application of Gas Dynamical Friction for Planetesimals. I. Evolution of Single Planetesimals}",
      journal = {\apj},
     keywords = {planet─disk interactions, planetary systems, planets and satellites: dynamical evolution and stability, planets and satellites: formation, protoplanetary disks, minor planets, asteroids: general, Astrophysics - Earth and Planetary Astrophysics},
         year = "2015",
        month = "Sep",
       volume = {811},
          eid = {54},
        pages = {54},
          doi = {10.1088/0004-637X/811/1/54},
archivePrefix = {arXiv},
       eprint = {1503.02668},
 primaryClass = {astro-ph.EP},
       adsurl = {https://ui.adsabs.harvard.edu/abs/2015ApJ...811...54G},
      adsnote = {Provided by the SAO/NASA Astrophysics Data System}
}

@ARTICLE{ida00,
       author = {{Ida}, Shigeru and {Bryden}, Geoffrey and {Lin}, D.~N.~C. and
         {Tanaka}, Hidekazu},
        title = "{Orbital Migration of Neptune and Orbital Distribution of Trans-Neptunian Objects}",
      journal = {\apj},
     keywords = {CELESTIAL MECHANICS, STELLAR DYNAMICS, PLANETS AND SATELLITES: INDIVIDUAL: NEPTUNE, SOLAR SYSTEM: FORMATION},
         year = "2000",
        month = "May",
       volume = {534},
       number = {1},
        pages = {428-445},
          doi = {10.1086/308720},
       adsurl = {https://ui.adsabs.harvard.edu/abs/2000ApJ...534..428I},
      adsnote = {Provided by the SAO/NASA Astrophysics Data System}
}

@ARTICLE{weidenschilling97,
       author = {{Weidenschilling}, S.~J. and {Spaute}, D. and {Davis}, D.~R. and
         {Marzari}, F. and {Ohtsuki}, K.},
        title = "{Accretional Evolution of a Planetesimal Swarm}",
      journal = {\icarus},
         year = "1997",
        month = "Aug",
       volume = {128},
       number = {2},
        pages = {429-455},
          doi = {10.1006/icar.1997.5747},
       adsurl = {https://ui.adsabs.harvard.edu/abs/1997Icar..128..429W},
      adsnote = {Provided by the SAO/NASA Astrophysics Data System}
}

@ARTICLE{kenyon06,
       author = {{Kenyon}, Scott J. and {Bromley}, Benjamin C.},
        title = "{Terrestrial Planet Formation. I. The Transition from Oligarchic Growth to Chaotic Growth}",
      journal = {\aj},
     keywords = {Stars: Circumstellar Matter, Stars: Planetary Systems, Solar System: Formation, Stars: Formation, Astrophysics},
         year = "2006",
        month = "Mar",
       volume = {131},
       number = {3},
        pages = {1837-1850},
          doi = {10.1086/499807},
archivePrefix = {arXiv},
       eprint = {astro-ph/0503568},
 primaryClass = {astro-ph},
       adsurl = {https://ui.adsabs.harvard.edu/abs/2006AJ....131.1837K},
      adsnote = {Provided by the SAO/NASA Astrophysics Data System}
}

@ARTICLE{2001Icar..149..235I,
       author = {{Inaba}, Satoshi and {Tanaka}, Hidekazu and {Nakazawa}, Kiyoshi and
         {Wetherill}, George W. and {Kokubo}, Eiichiro},
        title = "{High-Accuracy Statistical Simulation of Planetary Accretion: II. Comparison with N-Body Simulation}",
      journal = {\icarus},
         year = "2001",
        month = "Jan",
       volume = {149},
       number = {1},
        pages = {235-250},
          doi = {10.1006/icar.2000.6533},
       adsurl = {https://ui.adsabs.harvard.edu/abs/2001Icar..149..235I},
      adsnote = {Provided by the SAO/NASA Astrophysics Data System}
}

@ARTICLE{lissauer93,
       author = {{Lissauer}, Jack J.},
        title = "{Planet formation.}",
      journal = {\araa},
     keywords = {Planetary Evolution, Planetary Systems, Solar System Evolution, Terrestrial Planets, Orbital Mechanics, Planetology, Lunar and Planetary Exploration},
         year = 1993,
        month = jan,
       volume = {31},
        pages = {129-174},
          doi = {10.1146/annurev.aa.31.090193.001021},
       adsurl = {https://ui.adsabs.harvard.edu/abs/1993ARA&A..31..129L},
      adsnote = {Provided by the SAO/NASA Astrophysics Data System}
}

@ARTICLE{ida93a,
       author = {{Ida}, S. and {Kokubo}, E. and {Makino}, J.},
        title = "{The Origin of Anisotropic Velocity Dispersion of Particles in a Disc Potential}",
      journal = {\mnras},
     keywords = {celestial mechanics, stellar dynamics - Solar system: formation - Galaxy: kinematics and dynamics - solar neighbourhood},
         year = "1993",
        month = "Aug",
       volume = {263},
        pages = {875},
          doi = {10.1093/mnras/263.4.875},
       adsurl = {https://ui.adsabs.harvard.edu/abs/1993MNRAS.263..875I},
      adsnote = {Provided by the SAO/NASA Astrophysics Data System}
}

@ARTICLE{kirsh09,
       author = {{Kirsh}, David R. and {Duncan}, Martin and {Brasser}, Ramon and
         {Levison}, Harold F.},
        title = "{Simulations of planet migration driven by planetesimal scattering}",
      journal = {\icarus},
         year = "2009",
        month = "Jan",
       volume = {199},
       number = {1},
        pages = {197-209},
          doi = {10.1016/j.icarus.2008.05.028},
       adsurl = {https://ui.adsabs.harvard.edu/abs/2009Icar..199..197K},
      adsnote = {Provided by the SAO/NASA Astrophysics Data System}
}

@ARTICLE{tanaka02,
       author = {{Tanaka}, Hidekazu and {Takeuchi}, Taku and {Ward}, William R.},
        title = "{Three-Dimensional Interaction between a Planet and an Isothermal Gaseous Disk. I. Corotation and Lindblad Torques and Planet Migration}",
      journal = {\apj},
     keywords = {Stars: Planetary Systems: Formation, Stars: Planetary Systems: Protoplanetary Disks, Solar System: Formation, Waves},
         year = "2002",
        month = "Feb",
       volume = {565},
       number = {2},
        pages = {1257-1274},
          doi = {10.1086/324713},
       adsurl = {https://ui.adsabs.harvard.edu/abs/2002ApJ...565.1257T},
      adsnote = {Provided by the SAO/NASA Astrophysics Data System}
}

@ARTICLE{goldreich79,
       author = {{Goldreich}, P. and {Tremaine}, S.},
        title = "{The excitation of density waves at the Lindblad and corotation resonances by an external potential.}",
      journal = {\apj},
     keywords = {Density Wave Model, Galactic Structure, Rotating Disks, Astrodynamics, Hydrodynamics, Resonance, Stellar Motions, Wave Excitation, Astrophysics, Gaseous Disks:Hydrodynamics},
         year = "1979",
        month = "Nov",
       volume = {233},
        pages = {857-871},
          doi = {10.1086/157448},
       adsurl = {https://ui.adsabs.harvard.edu/abs/1979ApJ...233..857G},
      adsnote = {Provided by the SAO/NASA Astrophysics Data System}
}

@ARTICLE{goldreich80,
       author = {{Goldreich}, P. and {Tremaine}, S.},
        title = "{Disk-satellite interactions.}",
      journal = {\apj},
     keywords = {Jupiter (Planet), Momentum Transfer, Natural Satellites, Planetary Evolution, Protoplanets, Angular Momentum, Celestial Mechanics, Resonance, Solar System, Astronomy, Jupiter:Protoplanetary Nebula, Planetary Rings:Planetary Satellites},
         year = "1980",
        month = "Oct",
       volume = {241},
        pages = {425-441},
          doi = {10.1086/158356},
       adsurl = {https://ui.adsabs.harvard.edu/abs/1980ApJ...241..425G},
      adsnote = {Provided by the SAO/NASA Astrophysics Data System}
}

@INPROCEEDINGS{baruteau14,
       author = {{Baruteau}, C. and {Crida}, A. and {Paardekooper}, S. -J. and
         {Masset}, F. and {Guilet}, J. and {Bitsch}, B. and {Nelson}, R. and
         {Kley}, W. and {Papaloizou}, J.},
        title = "{Planet-Disk Interactions and Early Evolution of Planetary Systems}",
     keywords = {Astrophysics - Earth and Planetary Astrophysics},
    booktitle = {Protostars and Planets VI},
         year = "2014",
       editor = {{Beuther}, Henrik and {Klessen}, Ralf S. and {Dullemond}, Cornelis P. and
         {Henning}, Thomas},
        month = "Jan",
        pages = {667},
          doi = {10.2458/azu_uapress_9780816531240-ch029},
archivePrefix = {arXiv},
       eprint = {1312.4293},
 primaryClass = {astro-ph.EP},
       adsurl = {https://ui.adsabs.harvard.edu/abs/2014prpl.conf..667B},
      adsnote = {Provided by the SAO/NASA Astrophysics Data System}
}

@ARTICLE{dermott88,
       author = {{Dermott}, Stanley F. and {Malhotra}, Renu and {Murray}, Carl D.},
        title = "{Dynamics of the Uranian and Saturnian satelite systems: A chaotic route to melting Miranda?}",
      journal = {\icarus},
     keywords = {Ariel, Celestial Mechanics, Melting, Miranda, Saturn Satellites, Chaos, Comet Tails, Eccentricity, Inclination, Orbital Resonances (Celestial Mechanics), Voyager Project, Astrophysics},
         year = "1988",
        month = "Nov",
       volume = {76},
       number = {2},
        pages = {295-334},
          doi = {10.1016/0019-1035(88)90074-7},
       adsurl = {https://ui.adsabs.harvard.edu/abs/1988Icar...76..295D},
      adsnote = {Provided by the SAO/NASA Astrophysics Data System}
}

@ARTICLE{weidenschilling85,
       author = {{Weidenschilling}, S.~J. and {Davis}, D.~R.},
        title = "{Orbital resonances in the solar nebula: Implications for planetary accretion}",
      journal = {\icarus},
     keywords = {Gravitational Effects, Orbital Resonances (Celestial Mechanics), Planetary Evolution, Planetary Rotation, Protoplanets, Solar Planetary Interactions, Librational Motion, Perturbation Theory, Planetary Mass, Runge-Kutta Method, Solar Orbits, Viscous Drag, Astronomy},
         year = "1985",
        month = "Apr",
       volume = {62},
       number = {1},
        pages = {16-29},
          doi = {10.1016/0019-1035(85)90169-1},
       adsurl = {https://ui.adsabs.harvard.edu/abs/1985Icar...62...16W},
      adsnote = {Provided by the SAO/NASA Astrophysics Data System}
}

@ARTICLE{alibert05,
       author = {{Alibert}, Y. and {Mordasini}, C. and {Benz}, W. and {Winisdoerffer}, C.},
        title = "{Models of giant planet formation with migration and disc evolution}",
      journal = {\aap},
     keywords = {stars: planetary systems, stars: planetary systems: formation, solar system: formation, Astrophysics},
         year = "2005",
        month = "Apr",
       volume = {434},
       number = {1},
        pages = {343-353},
          doi = {10.1051/0004-6361:20042032},
archivePrefix = {arXiv},
       eprint = {astro-ph/0412444},
 primaryClass = {astro-ph},
       adsurl = {https://ui.adsabs.harvard.edu/abs/2005A&A...434..343A},
      adsnote = {Provided by the SAO/NASA Astrophysics Data System}
}

@ARTICLE{ida04,
       author = {{Ida}, S. and {Lin}, D.~N.~C.},
        title = "{Toward a Deterministic Model of Planetary Formation. I. A Desert in the Mass and Semimajor Axis Distributions of Extrasolar Planets}",
      journal = {\apj},
     keywords = {Planets and Satellites: Formation, Solar System: Formation, Stars: Statistics, Astrophysics},
         year = "2004",
        month = "Mar",
       volume = {604},
       number = {1},
        pages = {388-413},
          doi = {10.1086/381724},
archivePrefix = {arXiv},
       eprint = {astro-ph/0312144},
 primaryClass = {astro-ph},
       adsurl = {https://ui.adsabs.harvard.edu/abs/2004ApJ...604..388I},
      adsnote = {Provided by the SAO/NASA Astrophysics Data System}
}

@ARTICLE{miguel11,
       author = {{Miguel}, Y. and {Guilera}, O.~M. and {Brunini}, A.},
        title = "{The diversity of planetary system architectures: contrasting theory with observations}",
      journal = {\mnras},
     keywords = {planets and satellites: formation, Astrophysics - Earth and Planetary Astrophysics, Astrophysics - Solar and Stellar Astrophysics},
         year = "2011",
        month = "Oct",
       volume = {417},
       number = {1},
        pages = {314-332},
          doi = {10.1111/j.1365-2966.2011.19264.x},
archivePrefix = {arXiv},
       eprint = {1106.3281},
 primaryClass = {astro-ph.EP},
       adsurl = {https://ui.adsabs.harvard.edu/abs/2011MNRAS.417..314M},
      adsnote = {Provided by the SAO/NASA Astrophysics Data System}
}

@BOOK{murray00,
   author = {{Murray}, C.~D. and {Dermott}, S.~F.},
    title = "{Solar System Dynamics}",
booktitle = {``Solar System Dynamics, by C.D.~Murray and S.F.~Dermott.~ISBN 0521575974.~<A href=''http://www.cambridge.org/us/catalogue/catalogue.asp?isbn=0521575974.~Cambridge``>http://www.cambridge.org/us/catalogue/catalogue.asp?isbn=0521575974 </A>Cambridge, UK: Cambridge University Press, 1999.''},
     year = 2000,
    month = feb,
   adsurl = {http://adsabs.harvard.edu/abs/2000ssd..book.....M},
  adsnote = {Provided by the SAO/NASA Astrophysics Data System}
}

@ARTICLE{alma15,
       author = {{ALMA Partnership} and {Brogan}, C.~L. and {P{\'e}rez}, L.~M. and
         {Hunter}, T.~R. and {Dent}, W.~R.~F. and {Hales}, A.~S. and
         {Hills}, R.~E. and {Corder}, S. and {Fomalont}, E.~B. and
         {Vlahakis}, C. and {Asaki}, Y. and {Barkats}, D. and {Hirota}, A. and
         {Hodge}, J.~A. and {Impellizzeri}, C.~M.~V. and {Kneissl}, R. and
         {Liuzzo}, E. and {Lucas}, R. and {Marcelino}, N. and {Matsushita}, S. and
         {Nakanishi}, K. and {Phillips}, N. and {Richards}, A.~M.~S. and
         {Toledo}, I. and {Aladro}, R. and {Broguiere}, D. and {Cortes}, J.~R. and
         {Cortes}, P.~C. and {Espada}, D. and {Galarza}, F. and
         {Garcia-Appadoo}, D. and {Guzman-Ramirez}, L. and {Humphreys}, E.~M. and
         {Jung}, T. and {Kameno}, S. and {Laing}, R.~A. and {Leon}, S. and
         {Marconi}, G. and {Mignano}, A. and {Nikolic}, B. and {Nyman}, L. -A. and
         {Radiszcz}, M. and {Remijan}, A. and {Rod{\'o}n}, J.~A. and
         {Sawada}, T. and {Takahashi}, S. and {Tilanus}, R.~P.~J. and
         {Vila Vilaro}, B. and {Watson}, L.~C. and {Wiklind}, T. and
         {Akiyama}, E. and {Chapillon}, E. and {de Gregorio-Monsalvo}, I. and
         {Di Francesco}, J. and {Gueth}, F. and {Kawamura}, A. and
         {Lee}, C. -F. and {Nguyen Luong}, Q. and {Mangum}, J. and {Pietu}, V. and
         {Sanhueza}, P. and {Saigo}, K. and {Takakuwa}, S. and {Ubach}, C. and
         {van Kempen}, T. and {Wootten}, A. and {Castro-Carrizo}, A. and
         {Francke}, H. and {Gallardo}, J. and {Garcia}, J. and {Gonzalez}, S. and
         {Hill}, T. and {Kaminski}, T. and {Kurono}, Y. and {Liu}, H. -Y. and
         {Lopez}, C. and {Morales}, F. and {Plarre}, K. and {Schieven}, G. and
         {Testi}, L. and {Videla}, L. and {Villard}, E. and {Andreani}, P. and
         {Hibbard}, J.~E. and {Tatematsu}, K.},
        title = "{The 2014 ALMA Long Baseline Campaign: First Results from High Angular Resolution Observations toward the HL Tau Region}",
      journal = {\apj},
     keywords = {protoplanetary disks, stars: formation, stars: individual: HL Tau, XZ Tau, LkH{\ensuremath{\alpha}}358, submillimeter: planetary systems, techniques: interferometric, Astrophysics - Solar and Stellar Astrophysics},
         year = "2015",
        month = "Jul",
       volume = {808},
          eid = {L3},
        pages = {L3},
          doi = {10.1088/2041-8205/808/1/L3},
archivePrefix = {arXiv},
       eprint = {1503.02649},
 primaryClass = {astro-ph.SR},
       adsurl = {https://ui.adsabs.harvard.edu/abs/2015ApJ...808L...3A},
      adsnote = {Provided by the SAO/NASA Astrophysics Data System}
}

@ARTICLE{perez16,
       author = {{P{\'e}rez}, Laura M. and {Carpenter}, John M. and {Andrews}, Sean M. and
         {Ricci}, Luca and {Isella}, Andrea and {Linz}, Hendrik and
         {Sargent}, Anneila I. and {Wilner}, David J. and {Henning}, Thomas and
         {Deller}, Adam T. and {Chandler}, Claire J. and
         {Dullemond}, Cornelis P. and {Lazio}, Joseph and {Menten}, Karl M. and
         {Corder}, Stuartt A. and {Storm}, Shaye and {Testi}, Leonardo and
         {Tazzari}, Marco and {Kwon}, Woojin and {Calvet}, Nuria and
         {Greaves}, Jane S. and {Harris}, Robert J. and {Mundy}, Lee G.},
        title = "{Spiral density waves in a young protoplanetary disk}",
      journal = {Science},
     keywords = {ASTRONOMY, Astrophysics - Astrophysics of Galaxies, Astrophysics - Earth and Planetary Astrophysics, Astrophysics - Solar and Stellar Astrophysics},
         year = "2016",
        month = "Sep",
       volume = {353},
        pages = {1519-1521},
          doi = {10.1126/science.aaf8296},
archivePrefix = {arXiv},
       eprint = {1610.05139},
 primaryClass = {astro-ph.GA},
       adsurl = {https://ui.adsabs.harvard.edu/abs/2016Sci...353.1519P},
      adsnote = {Provided by the SAO/NASA Astrophysics Data System}
}

@ARTICLE{isella16,
  title = {Ringed Structures of the HD 163296 Protoplanetary Disk Revealed by ALMA},
  author = {Isella, Andrea and Guidi, Greta and Testi, Leonardo and Liu, Shangfei and Li, Hui and Li, Shengtai and Weaver, Erik and Boehler, Yann and Carperter, John M. and De Gregorio-Monsalvo, Itziar and Manara, Carlo F. and Natta, Antonella and P\'erez, Laura M. and Ricci, Luca and Sargent, Anneila and Tazzari, Marco and Turner, Neal},
  journal = {Phys. Rev. Lett.},
  volume = {117},
  issue = {25},
  pages = {251101},
  numpages = {8},
  year = {2016},
  month = {Dec},
  publisher = {American Physical Society},
  doi = {10.1103/PhysRevLett.117.251101},
  url = {https://link.aps.org/doi/10.1103/PhysRevLett.117.251101}
}

@ARTICLE{andrews16,
       author = {{Andrews}, Sean M. and {Wilner}, David J. and {Zhu}, Zhaohuan and
         {Birnstiel}, Tilman and {Carpenter}, John M. and {P{\'e}rez}, Laura M. and
         {Bai}, Xue-Ning and {{\"O}berg}, Karin I. and {Hughes}, A. Meredith and
         {Isella}, Andrea and {Ricci}, Luca},
        title = "{Ringed Substructure and a Gap at 1 au in the Nearest Protoplanetary Disk}",
      journal = {\apj},
     keywords = {planet─disk interactions, protoplanetary disks, stars: individual: TW Hydrae, Astrophysics - Earth and Planetary Astrophysics},
         year = "2016",
        month = "Apr",
       volume = {820},
          eid = {L40},
        pages = {L40},
          doi = {10.3847/2041-8205/820/2/L40},
archivePrefix = {arXiv},
       eprint = {1603.09352},
 primaryClass = {astro-ph.EP},
       adsurl = {https://ui.adsabs.harvard.edu/abs/2016ApJ...820L..40A},
      adsnote = {Provided by the SAO/NASA Astrophysics Data System}
}

@ARTICLE{cieza16,
       author = {{Cieza}, Lucas A. and {Casassus}, Simon and {Tobin}, John and
         {Bos}, Steven P. and {Williams}, Jonathan P. and {Perez}, Sebastian and
         {Zhu}, Zhaohuan and {Caceres}, Claudio and {Canovas}, Hector and
         {Dunham}, Michael M. and {Hales}, Antonio and {Prieto}, Jose L. and
         {Principe}, David A. and {Schreiber}, Matthias R. and
         {Ruiz-Rodriguez}, Dary and {Zurlo}, Alice},
        title = "{Imaging the water snow-line during a protostellar outburst}",
      journal = {\nat},
     keywords = {Astrophysics - Solar and Stellar Astrophysics, Astrophysics - Earth and Planetary Astrophysics},
         year = "2016",
        month = "Jul",
       volume = {535},
        pages = {258-261},
          doi = {10.1038/nature18612},
archivePrefix = {arXiv},
       eprint = {1607.03757},
 primaryClass = {astro-ph.SR},
       adsurl = {https://ui.adsabs.harvard.edu/abs/2016Natur.535..258C},
      adsnote = {Provided by the SAO/NASA Astrophysics Data System}
}

@ARTICLE{dipierro15,
       author = {{Dipierro}, Giovanni and {Price}, Daniel and {Laibe}, Guillaume and
         {Hirsh}, Kieran and {Cerioli}, Alice and {Lodato}, Giuseppe},
        title = "{On planet formation in HL Tau}",
      journal = {\mnras},
     keywords = {planet-disc interactions, protoplanetary discs, dust, extinction, submillimetre: planetary systems, Astrophysics - Earth and Planetary Astrophysics},
         year = "2015",
        month = "Oct",
       volume = {453},
        pages = {L73-L77},
          doi = {10.1093/mnrasl/slv105},
archivePrefix = {arXiv},
       eprint = {1507.06719},
 primaryClass = {astro-ph.EP},
       adsurl = {https://ui.adsabs.harvard.edu/abs/2015MNRAS.453L..73D},
      adsnote = {Provided by the SAO/NASA Astrophysics Data System}
}

@ARTICLE{dong18,
       author = {{Dong}, Ruobing and {Li}, Shengtai and {Chiang}, Eugene and {Li}, Hui},
        title = "{Multiple Disk Gaps and Rings Generated by a Single Super-Earth. II. Spacings, Depths, and Number of Gaps, with Application to Real Systems}",
      journal = {\apj},
     keywords = {planet─disk interactions, planets and satellites: formation, protoplanetary disks, stars: pre-main sequence, stars: variables: T Tauri, Herbig Ae/Be, Astrophysics - Earth and Planetary Astrophysics, Astrophysics - Solar and Stellar Astrophysics},
         year = 2018,
        month = oct,
       volume = {866},
       number = {2},
          eid = {110},
        pages = {110},
          doi = {10.3847/1538-4357/aadadd},
archivePrefix = {arXiv},
       eprint = {1808.06613},
 primaryClass = {astro-ph.EP},
       adsurl = {https://ui.adsabs.harvard.edu/abs/2018ApJ...866..110D},
      adsnote = {Provided by the SAO/NASA Astrophysics Data System}
}

@ARTICLE{2001A&A...370..447A,
       author = {{Augereau}, J.~C. and {Nelson}, R.~P. and {Lagrange}, A.~M. and
         {Papaloizou}, J.~C.~B. and {Mouillet}, D.},
        title = "{Dynamical modeling of large scale asymmetries in the beta Pictoris dust disk}",
      journal = {\aap},
     keywords = {STARS: CIRCUMSTELLAR MATTER, STARS: BETA PICTORIS, Astrophysics},
         year = "2001",
        month = "May",
       volume = {370},
        pages = {447-455},
          doi = {10.1051/0004-6361:20010199},
archivePrefix = {arXiv},
       eprint = {astro-ph/0102069},
 primaryClass = {astro-ph},
       adsurl = {https://ui.adsabs.harvard.edu/abs/2001A&A...370..447A},
      adsnote = {Provided by the SAO/NASA Astrophysics Data System}
}

@ARTICLE{pearce14,
       author = {{Pearce}, Tim D. and {Wyatt}, Mark C.},
        title = "{Dynamical evolution of an eccentric planet and a less massive debris disc}",
      journal = {\mnras},
     keywords = {planets and satellites: dynamical evolution and stability, planet-disc interactions, circumstellar matter, Astrophysics - Earth and Planetary Astrophysics},
         year = "2014",
        month = "Sep",
       volume = {443},
        pages = {2541-2560},
          doi = {10.1093/mnras/stu1302},
archivePrefix = {arXiv},
       eprint = {1406.7294},
 primaryClass = {astro-ph.EP},
       adsurl = {https://ui.adsabs.harvard.edu/abs/2014MNRAS.443.2541P},
      adsnote = {Provided by the SAO/NASA Astrophysics Data System}
}

@ARTICLE{pearce15,
       author = {{Pearce}, Tim D. and {Wyatt}, Mark C. and {Kennedy}, Grant M.},
        title = "{Constraining the orbits of sub-stellar companions imaged over short orbital arcs}",
      journal = {\mnras},
     keywords = {astrometry, planets and satellites: fundamental parameters, planets and satellites: individual: Fomalhaut b, binaries: visual, Astrophysics - Earth and Planetary Astrophysics},
         year = "2015",
        month = "Apr",
       volume = {448},
        pages = {3679-3688},
          doi = {10.1093/mnras/stv252},
archivePrefix = {arXiv},
       eprint = {1502.01834},
 primaryClass = {astro-ph.EP},
       adsurl = {https://ui.adsabs.harvard.edu/abs/2015MNRAS.448.3679P},
      adsnote = {Provided by the SAO/NASA Astrophysics Data System}
}

@ARTICLE{nesvold15,
       author = {{Nesvold}, Erika R. and {Kuchner}, Marc J.},
        title = "{Gap Clearing by Planets in a Collisional Debris Disk}",
      journal = {\apj},
     keywords = {celestial mechanics, circumstellar matter, methods: numerical, planet-disk interactions, planetary systems, Astrophysics - Earth and Planetary Astrophysics},
         year = "2015",
        month = "Jan",
       volume = {798},
          eid = {83},
        pages = {83},
          doi = {10.1088/0004-637X/798/2/83},
archivePrefix = {arXiv},
       eprint = {1410.7784},
 primaryClass = {astro-ph.EP},
       adsurl = {https://ui.adsabs.harvard.edu/abs/2015ApJ...798...83N},
      adsnote = {Provided by the SAO/NASA Astrophysics Data System}
}

@ARTICLE{tabeshian16,
       author = {{Tabeshian}, Maryam and {Wiegert}, Paul A.},
        title = "{Detection and Characterization of Extrasolar Planets through Mean-motion Resonances. I. Simulations of Hypothetical Debris Disks}",
      journal = {\apj},
     keywords = {planet─disk interactions, planets and satellites: detection, Astrophysics - Earth and Planetary Astrophysics},
         year = "2016",
        month = "Feb",
       volume = {818},
          eid = {159},
        pages = {159},
          doi = {10.3847/0004-637X/818/2/159},
archivePrefix = {arXiv},
       eprint = {1507.02661},
 primaryClass = {astro-ph.EP},
       adsurl = {https://ui.adsabs.harvard.edu/\#abs/2016ApJ...818..159T},
      adsnote = {Provided by the SAO/NASA Astrophysics Data System}
}

@ARTICLE{tabeshian18,
       author = {{Tabeshian}, Maryam and {Wiegert}, Paul A.},
        title = "{Applying a Particle-only Model to the HL Tau Disk}",
      journal = {\apj},
     keywords = {celestial mechanics, planet─disk interactions, planets and satellites: detection, planets and satellites: fundamental parameters, protoplanetary disks, Astrophysics - Earth and Planetary Astrophysics},
         year = "2018",
        month = "Apr",
       volume = {857},
          eid = {3},
        pages = {3},
          doi = {10.3847/1538-4357/aab668},
archivePrefix = {arXiv},
       eprint = {1804.03076},
 primaryClass = {astro-ph.EP},
       adsurl = {https://ui.adsabs.harvard.edu/\#abs/2018ApJ...857....3T},
      adsnote = {Provided by the SAO/NASA Astrophysics Data System}
}

@ARTICLE{wyatt08,
       author = {{Wyatt}, M.~C.},
        title = "{Evolution of debris disks.}",
      journal = {Annual Review of Astronomy and Astrophysics},
         year = "2008",
        month = "Sep",
       volume = {46},
        pages = {339-383},
          doi = {10.1146/annurev.astro.45.051806.110525},
       adsurl = {https://ui.adsabs.harvard.edu/abs/2008ARA&A..46..339W},
      adsnote = {Provided by the SAO/NASA Astrophysics Data System}
}

@ARTICLE{gaspar20,
       author = {{Gaspar}, Andras and {Rieke}, George},
        title = "{New HST data and modeling reveal a massive planetesimal collision around Fomalhaut}",
      journal = {Proceedings of the National Academy of Science},
     keywords = {Astrophysics - Earth and Planetary Astrophysics, Astrophysics - Solar and Stellar Astrophysics},
         year = 2020,
        month = apr,
       volume = {117},
       number = {18},
        pages = {9712-9722},
          doi = {10.1073/pnas.1912506117},
archivePrefix = {arXiv},
       eprint = {2004.08736},
 primaryClass = {astro-ph.EP},
       adsurl = {https://ui.adsabs.harvard.edu/abs/2020PNAS..117.9712G},
      adsnote = {Provided by the SAO/NASA Astrophysics Data System}
}

@ARTICLE{dobinson13,
       author = {{Dobinson}, Jack and {Leinhardt}, Zo{\"e} M. and
         {Dodson-Robinson}, Sarah E. and {Teanby}, Nick A.},
        title = "{Hiding in the Shadows: Searching for Planets in Pre-transitional and Transitional Disks}",
      journal = {\apj},
     keywords = {planet-disk interactions, protoplanetary disks, Astrophysics - Earth and Planetary Astrophysics},
         year = "2013",
        month = "Nov",
       volume = {777},
          eid = {L31},
        pages = {L31},
          doi = {10.1088/2041-8205/777/2/L31},
archivePrefix = {arXiv},
       eprint = {1309.6480},
 primaryClass = {astro-ph.EP},
       adsurl = {https://ui.adsabs.harvard.edu/abs/2013ApJ...777L..31D},
      adsnote = {Provided by the SAO/NASA Astrophysics Data System}
}

@ARTICLE{dobinson16,
       author = {{Dobinson}, Jack and {Leinhardt}, Zo{\"e} M. and {Lines}, Stefan and
         {Carter}, Philip J. and {Dodson-Robinson}, Sarah E. and
         {Teanby}, Nick A.},
        title = "{Hiding in the Shadows. II. Collisional Dust as Exoplanet Markers}",
      journal = {\apj},
     keywords = {methods: numerical, planet─disk interactions, protoplanetary disks, Astrophysics - Earth and Planetary Astrophysics},
         year = "2016",
        month = "Mar",
       volume = {820},
          eid = {29},
        pages = {29},
          doi = {10.3847/0004-637X/820/1/29},
archivePrefix = {arXiv},
       eprint = {1601.03319},
 primaryClass = {astro-ph.EP},
       adsurl = {https://ui.adsabs.harvard.edu/abs/2016ApJ...820...29D},
      adsnote = {Provided by the SAO/NASA Astrophysics Data System}
}

@ARTICLE{boley17,
       author = {{Boley}, A.~C.},
        title = "{On the Origin of Banded Structure in Dusty Protoplanetary Disks: HL Tau and TW Hya}",
      journal = {\apj},
     keywords = {minor planets, asteroids: general, planet─disk interactions, protoplanetary disks, Astrophysics - Earth and Planetary Astrophysics},
         year = 2017,
        month = Nov,
       volume = {850},
          eid = {103},
        pages = {103},
          doi = {10.3847/1538-4357/aa93d7},
archivePrefix = {arXiv},
       eprint = {1710.05142},
 primaryClass = {astro-ph.EP},
       adsurl = {https://ui.adsabs.harvard.edu/\#abs/2017ApJ...850..103B},
      adsnote = {Provided by the SAO/NASA Astrophysics Data System}
}

@BOOK{murray99,
       author = {{Murray}, C.~D. and {Dermott}, S.~F.},
        title = "{Solar system dynamics}",
         year = 1999,
       adsurl = {https://ui.adsabs.harvard.edu/abs/1999ssd..book.....M},
      adsnote = {Provided by the SAO/NASA Astrophysics Data System}
}

@BOOK{safronov69,
       author = {{Safronov}, Viktor Sergeevich},
        title = "{Evoliutsiia doplanetnogo oblaka.}",
         year = 1969,
       adsurl = {https://ui.adsabs.harvard.edu/abs/1969edo..book.....S},
      adsnote = {Provided by the SAO/NASA Astrophysics Data System}
}

@BOOK{safronov72,
       author = {{Safronov}, V.~S.},
        title = "{Evolution of the protoplanetary cloud and formation of the earth and planets.}",
         year = 1972,
       adsurl = {https://ui.adsabs.harvard.edu/abs/1972epcf.book.....S},
      adsnote = {Provided by the SAO/NASA Astrophysics Data System}
}

@ARTICLE{leinhardt15,
       author = {{Leinhardt}, Zo{\"e} M. and {Dobinson}, Jack and {Carter}, Philip J. and
        {Lines}, Stefan},
        title = "{Numerically Predicted Indirect Signatures of Terrestrial Planet Formation}",
      journal = {\apj},
     keywords = {methods: numerical, planets and satellites: formation, Astrophysics - Earth and Planetary Astrophysics},
         year = 2015,
        month = Jun,
       volume = {806},
          eid = {23},
        pages = {23},
          doi = {10.1088/0004-637X/806/1/23},
archivePrefix = {arXiv},
       eprint = {1506.05233},
 primaryClass = {astro-ph.EP},
       adsurl = {https://ui.adsabs.harvard.edu/\#abs/2015ApJ...806...23L},
      adsnote = {Provided by the SAO/NASA Astrophysics Data System}
}

@ARTICLE{barnes86,
       author = {{Barnes}, Josh and {Hut}, Piet},
        title = "{A hierarchical O(N log N) force-calculation algorithm}",
      journal = {\nat},
     keywords = {Computational Astrophysics, Many Body Problem, Numerical Integration, Stellar Motions, Algorithms, Hierarchies, Physics (General)},
         year = "1986",
        month = "Dec",
       volume = {324},
       number = {6096},
        pages = {446-449},
          doi = {10.1038/324446a0},
       adsurl = {https://ui.adsabs.harvard.edu/abs/1986Natur.324..446B},
      adsnote = {Provided by the SAO/NASA Astrophysics Data System}
}

@ARTICLE{wallace19,
       author = {{Wallace}, Spencer C. and {Quinn}, Thomas R.},
        title = "{N-body simulations of terrestrial planet growth with resonant dynamical friction}",
      journal = {\mnras},
     keywords = {methods: numerical, planets and satellites: formation, Astrophysics - Earth and Planetary Astrophysics},
         year = "2019",
        month = "Oct",
       volume = {489},
       number = {2},
        pages = {2159-2176},
          doi = {10.1093/mnras/stz2284},
archivePrefix = {arXiv},
       eprint = {1810.07201},
 primaryClass = {astro-ph.EP},
       adsurl = {https://ui.adsabs.harvard.edu/abs/2019MNRAS.489.2159W},
      adsnote = {Provided by the SAO/NASA Astrophysics Data System}
}

@ARTICLE{malhotra94,
       author = {{Malhotra}, Renu},
        title = "{Nonlinear resonances in the solar system}",
      journal = {Physica D Nonlinear Phenomena},
     keywords = {Nonlinear Sciences - Chaotic Dynamics, Astrophysics},
         year = 1994,
        month = oct,
       volume = {77},
       number = {1-3},
        pages = {289-304},
          doi = {10.1016/0167-2789(94)90141-4},
archivePrefix = {arXiv},
       eprint = {chao-dyn/9406004},
 primaryClass = {nlin.CD},
       adsurl = {https://ui.adsabs.harvard.edu/abs/1994PhyD...77..289M},
      adsnote = {Provided by the SAO/NASA Astrophysics Data System}
}

@ARTICLE{peale76,
       author = {{Peale}, S.~J.},
        title = "{Orbital resonance in the solar system.}",
      journal = {\araa},
     keywords = {Astronomical Models, Natural Satellites, Orbital Mechanics, Orbital Resonances (Celestial Mechanics), Planets, Resonance, Solar System, Asteroids, Celestial Mechanics, Eccentricity, Librational Motion, Motion Stability, Saturn Rings, Astronomy},
         year = 1976,
        month = jan,
       volume = {14},
        pages = {215-246},
          doi = {10.1146/annurev.aa.14.090176.001243},
       adsurl = {https://ui.adsabs.harvard.edu/abs/1976ARA&A..14..215P},
      adsnote = {Provided by the SAO/NASA Astrophysics Data System}
}

@ARTICLE{huang18,
       author = {{Huang}, Jane and {Andrews}, Sean M. and {Dullemond}, Cornelis P. and
         {Isella}, Andrea and {P{\'e}rez}, Laura M. and
         {Guzm{\'a}n}, Viviana V. and {{\"O}berg}, Karin I. and {Zhu}, Zhaohuan and
         {Zhang}, Shangjia and {Bai}, Xue-Ning and {Benisty}, Myriam and
         {Birnstiel}, Tilman and {Carpenter}, John M. and {Hughes}, A. Meredith and
         {Ricci}, Luca and {Weaver}, Erik and {Wilner}, David J.},
        title = "{The Disk Substructures at High Angular Resolution Project (DSHARP). II. Characteristics of Annular Substructures}",
      journal = {\apjl},
     keywords = {planets and satellites: formation, protoplanetary disks, techniques: high angular resolution, Astrophysics - Earth and Planetary Astrophysics, Astrophysics - Astrophysics of Galaxies, Astrophysics - Solar and Stellar Astrophysics},
         year = 2018,
        month = dec,
       volume = {869},
       number = {2},
          eid = {L42},
        pages = {L42},
          doi = {10.3847/2041-8213/aaf740},
archivePrefix = {arXiv},
       eprint = {1812.04041},
 primaryClass = {astro-ph.EP},
       adsurl = {https://ui.adsabs.harvard.edu/abs/2018ApJ...869L..42H},
      adsnote = {Provided by the SAO/NASA Astrophysics Data System}
}

@INPROCEEDINGS{mcmullin07,
       author = {{McMullin}, J.~P. and {Waters}, B. and {Schiebel}, D. and {Young}, W. and
         {Golap}, K.},
        title = "{CASA Architecture and Applications}",
    booktitle = {Astronomical Data Analysis Software and Systems XVI},
         year = 2007,
       editor = {{Shaw}, R.~A. and {Hill}, F. and {Bell}, D.~J.},
       series = {Astronomical Society of the Pacific Conference Series},
       volume = {376},
        month = oct,
        pages = {127},
       adsurl = {https://ui.adsabs.harvard.edu/abs/2007ASPC..376..127M},
      adsnote = {Provided by the SAO/NASA Astrophysics Data System}
}

@INPROCEEDINGS{ricci20,
       author = {{Ricci}, L. and {Isella}, A. and {Liu}, S. and {Li}, H.},
        title = "{Imaging Planetary Systems in the Act of Forming with the ngVLA}",
    booktitle = {Science with a Next Generation Very Large Array},
         year = 2018,
       editor = {{Murphy}, Eric},
       series = {Astronomical Society of the Pacific Conference Series},
       volume = {517},
        month = dec,
        pages = {147},
       adsurl = {https://ui.adsabs.harvard.edu/abs/2018ASPC..517..147R},
      adsnote = {Provided by the SAO/NASA Astrophysics Data System}
}

@ARTICLE{jennings20,
       author = {{Jennings}, Jeff and {Booth}, Richard A. and {Tazzari}, Marco and
         {Rosotti}, Giovanni P. and {Clarke}, Cathie J.},
        title = "{Frankenstein: Protoplanetary disc brightness profile reconstruction at sub-beam resolution with a rapid Gaussian process}",
      journal = {arXiv e-prints},
     keywords = {Astrophysics - Earth and Planetary Astrophysics, Astrophysics - Instrumentation and Methods for Astrophysics},
         year = 2020,
        month = may,
          eid = {arXiv:2005.07709},
        pages = {arXiv:2005.07709},
archivePrefix = {arXiv},
       eprint = {2005.07709},
 primaryClass = {astro-ph.EP},
       adsurl = {https://ui.adsabs.harvard.edu/abs/2020arXiv200507709J},
      adsnote = {Provided by the SAO/NASA Astrophysics Data System}
}

@ARTICLE{borucki10,
       author = {{Borucki}, William J. and {Koch}, David and {Basri}, Gibor and {Batalha}, Natalie and {Brown}, Timothy and {Caldwell}, Douglas and {Caldwell}, John and {Christensen-Dalsgaard}, J{\o}rgen and {Cochran}, William D. and {DeVore}, Edna and {Dunham}, Edward W. and {Dupree}, Andrea K. and {Gautier}, Thomas N. and {Geary}, John C. and {Gilliland}, Ronald and {Gould}, Alan and {Howell}, Steve B. and {Jenkins}, Jon M. and {Kondo}, Yoji and {Latham}, David W. and {Marcy}, Geoffrey W. and {Meibom}, S{\o}ren and {Kjeldsen}, Hans and {Lissauer}, Jack J. and {Monet}, David G. and {Morrison}, David and {Sasselov}, Dimitar and {Tarter}, Jill and {Boss}, Alan and {Brownlee}, Don and {Owen}, Toby and {Buzasi}, Derek and {Charbonneau}, David and {Doyle}, Laurance and {Fortney}, Jonathan and {Ford}, Eric B. and {Holman}, Matthew J. and {Seager}, Sara and {Steffen}, Jason H. and {Welsh}, William F. and {Rowe}, Jason and {Anderson}, Howard and {Buchhave}, Lars and {Ciardi}, David and {Walkowicz}, Lucianne and {Sherry}, William and {Horch}, Elliott and {Isaacson}, Howard and {Everett}, Mark E. and {Fischer}, Debra and {Torres}, Guillermo and {Johnson}, John Asher and {Endl}, Michael and {MacQueen}, Phillip and {Bryson}, Stephen T. and {Dotson}, Jessie and {Haas}, Michael and {Kolodziejczak}, Jeffrey and {Van Cleve}, Jeffrey and {Chandrasekaran}, Hema and {Twicken}, Joseph D. and {Quintana}, Elisa V. and {Clarke}, Bruce D. and {Allen}, Christopher and {Li}, Jie and {Wu}, Haley and {Tenenbaum}, Peter and {Verner}, Ekaterina and {Bruhweiler}, Frederick and {Barnes}, Jason and {Prsa}, Andrej},
        title = "{Kepler Planet-Detection Mission: Introduction and First Results}",
      journal = {Science},
     keywords = {ASTRONOMY},
         year = 2010,
        month = feb,
       volume = {327},
       number = {5968},
        pages = {977},
          doi = {10.1126/science.1185402},
       adsurl = {https://ui.adsabs.harvard.edu/abs/2010Sci...327..977B},
      adsnote = {Provided by the SAO/NASA Astrophysics Data System}
}

@ARTICLE{latham11,
       author = {{Latham}, David W. and {Rowe}, Jason F. and {Quinn}, Samuel N. and {Batalha}, Natalie M. and {Borucki}, William J. and {Brown}, Timothy M. and {Bryson}, Stephen T. and {Buchhave}, Lars A. and {Caldwell}, Douglas A. and {Carter}, Joshua A. and {Christiansen}, Jessie L. and {Ciardi}, David R. and {Cochran}, William D. and {Dunham}, Edward W. and {Fabrycky}, Daniel C. and {Ford}, Eric B. and {Gautier}, Thomas N., III and {Gilliland}, Ronald L. and {Holman}, Matthew J. and {Howell}, Steve B. and {Ibrahim}, Khadeejah A. and {Isaacson}, Howard and {Jenkins}, Jon M. and {Koch}, David G. and {Lissauer}, Jack J. and {Marcy}, Geoffrey W. and {Quintana}, Elisa V. and {Ragozzine}, Darin and {Sasselov}, Dimitar and {Shporer}, Avi and {Steffen}, Jason H. and {Welsh}, William F. and {Wohler}, Bill},
        title = "{A First Comparison of Kepler Planet Candidates in Single and Multiple Systems}",
      journal = {\apjl},
     keywords = {planetary systems, Astrophysics - Earth and Planetary Astrophysics},
         year = 2011,
        month = may,
       volume = {732},
       number = {2},
          eid = {L24},
        pages = {L24},
          doi = {10.1088/2041-8205/732/2/L24},
archivePrefix = {arXiv},
       eprint = {1103.3896},
 primaryClass = {astro-ph.EP},
       adsurl = {https://ui.adsabs.harvard.edu/abs/2011ApJ...732L..24L},
      adsnote = {Provided by the SAO/NASA Astrophysics Data System}
}

@ARTICLE{cuzzi93,
       author = {{Cuzzi}, Jeffrey N. and {Dobrovolskis}, Anthony R. and {Champney}, Joelle M.},
        title = "{Particle-Gas Dynamics in the Midplane of a Protoplanetary Nebula}",
      journal = {\icarus},
     keywords = {Gas Dynamics, Protoplanets, Planetary Evolution, Particle Size Distribution, Turbulence Models, Nebulae, Navier-Stokes Equation, Parameterization, Viscous Flow, Turbulent Flow, Equations Of Motion, Lunar and Planetary Exploration, Earth Science, Earth Science},
         year = 1993,
        month = nov,
       volume = {106},
       number = {1},
        pages = {102-134},
          doi = {10.1006/icar.1993.1161},
       adsurl = {https://ui.adsabs.harvard.edu/abs/1993Icar..106..102C},
      adsnote = {Provided by the SAO/NASA Astrophysics Data System}
}

@ARTICLE{lissauer11,
       author = {{Lissauer}, Jack J. and {Ragozzine}, Darin and {Fabrycky}, Daniel C. and {Steffen}, Jason H. and {Ford}, Eric B. and {Jenkins}, Jon M. and {Shporer}, Avi and {Holman}, Matthew J. and {Rowe}, Jason F. and {Quintana}, Elisa V. and {Batalha}, Natalie M. and {Borucki}, William J. and {Bryson}, Stephen T. and {Caldwell}, Douglas A. and {Carter}, Joshua A. and {Ciardi}, David and {Dunham}, Edward W. and {Fortney}, Jonathan J. and {Gautier}, Thomas N., III and {Howell}, Steve B. and {Koch}, David G. and {Latham}, David W. and {Marcy}, Geoffrey W. and {Morehead}, Robert C. and {Sasselov}, Dimitar},
        title = "{Architecture and Dynamics of Kepler's Candidate Multiple Transiting Planet Systems}",
      journal = {\apjs},
     keywords = {celestial mechanics, planets and satellites: dynamical evolution and stability, planets and satellites: fundamental parameters, planets and satellites: general, planetary systems, Astrophysics - Earth and Planetary Astrophysics},
         year = 2011,
        month = nov,
       volume = {197},
       number = {1},
          eid = {8},
        pages = {8},
          doi = {10.1088/0067-0049/197/1/8},
archivePrefix = {arXiv},
       eprint = {1102.0543},
 primaryClass = {astro-ph.EP},
       adsurl = {https://ui.adsabs.harvard.edu/abs/2011ApJS..197....8L},
      adsnote = {Provided by the SAO/NASA Astrophysics Data System}
}

@ARTICLE{lissauer14,
       author = {{Lissauer}, Jack J. and {Marcy}, Geoffrey W. and {Bryson}, Stephen T. and {Rowe}, Jason F. and {Jontof-Hutter}, Daniel and {Agol}, Eric and {Borucki}, William J. and {Carter}, Joshua A. and {Ford}, Eric B. and {Gilliland}, Ronald L. and {Kolbl}, Rea and {Star}, Kimberly M. and {Steffen}, Jason H. and {Torres}, Guillermo},
        title = "{Validation of Kepler's Multiple Planet Candidates. II. Refined Statistical Framework and Descriptions of Systems of Special Interest}",
      journal = {\apj},
     keywords = {methods: statistical, planetary systems, stars: individual: Kepler-90 = KOI-351 Kepler-102 = KOI-82 Kepler-122 = KOI-232 Kepler-132 = KOI-284 Kepler-223 = KOI-730 Kepler-238 = KOI-834 Kepler-292 = KOI-1364 Kepler-296 = KOI-1422, Astrophysics - Earth and Planetary Astrophysics},
         year = 2014,
        month = mar,
       volume = {784},
       number = {1},
          eid = {44},
        pages = {44},
          doi = {10.1088/0004-637X/784/1/44},
archivePrefix = {arXiv},
       eprint = {1402.6352},
 primaryClass = {astro-ph.EP},
       adsurl = {https://ui.adsabs.harvard.edu/abs/2014ApJ...784...44L},
      adsnote = {Provided by the SAO/NASA Astrophysics Data System}
}

@ARTICLE{fang12,
       author = {{Fang}, Julia and {Margot}, Jean-Luc},
        title = "{Architecture of Planetary Systems Based on Kepler Data: Number of Planets and Coplanarity}",
      journal = {\apj},
     keywords = {methods: statistical, planetary systems, planets and satellites: detection, planets and satellites: general, Astrophysics - Earth and Planetary Astrophysics},
         year = "2012",
        month = "Dec",
       volume = {761},
       number = {2},
          eid = {92},
        pages = {92},
          doi = {10.1088/0004-637X/761/2/92},
archivePrefix = {arXiv},
       eprint = {1207.5250},
 primaryClass = {astro-ph.EP},
       adsurl = {https://ui.adsabs.harvard.edu/abs/2012ApJ...761...92F},
      adsnote = {Provided by the SAO/NASA Astrophysics Data System}
}

@ARTICLE{tremaine12,
       author = {{Tremaine}, Scott and {Dong}, Subo},
        title = "{The Statistics of Multi-planet Systems}",
      journal = {\aj},
     keywords = {methods: statistical, planets and satellites: detection, planets and satellites: fundamental parameters, Astrophysics - Earth and Planetary Astrophysics},
         year = "2012",
        month = "Apr",
       volume = {143},
       number = {4},
          eid = {94},
        pages = {94},
          doi = {10.1088/0004-6256/143/4/94},
archivePrefix = {arXiv},
       eprint = {1106.5403},
 primaryClass = {astro-ph.EP},
       adsurl = {https://ui.adsabs.harvard.edu/abs/2012AJ....143...94T},
      adsnote = {Provided by the SAO/NASA Astrophysics Data System}
}

@ARTICLE{fabrycky14,
       author = {{Fabrycky}, Daniel C. and {Lissauer}, Jack J. and {Ragozzine}, Darin and
         {Rowe}, Jason F. and {Steffen}, Jason H. and {Agol}, Eric and
         {Barclay}, Thomas and {Batalha}, Natalie and {Borucki}, William and
         {Ciardi}, David R.},
        title = "{Architecture of Kepler's Multi-transiting Systems. II. New Investigations with Twice as Many Candidates}",
      journal = {\apj},
     keywords = {methods: statistical, planetary systems, planets and satellites: detection, planets and satellites: dynamical evolution and stability, Astrophysics - Earth and Planetary Astrophysics},
         year = "2014",
        month = "Aug",
       volume = {790},
       number = {2},
          eid = {146},
        pages = {146},
          doi = {10.1088/0004-637X/790/2/146},
archivePrefix = {arXiv},
       eprint = {1202.6328},
 primaryClass = {astro-ph.EP},
       adsurl = {https://ui.adsabs.harvard.edu/abs/2014ApJ...790..146F},
      adsnote = {Provided by the SAO/NASA Astrophysics Data System}
}

@ARTICLE{steffen15,
       author = {{Steffen}, Jason H. and {Hwang}, Jason A.},
        title = "{The period ratio distribution of Kepler's candidate multiplanet systems}",
      journal = {\mnras},
     keywords = {methods: data analysis, methods: statistical, planets and satellites: dynamical evolution and stability, planets and satellites: formation, Astrophysics - Earth and Planetary Astrophysics},
         year = "2015",
        month = "Apr",
       volume = {448},
       number = {2},
        pages = {1956-1972},
          doi = {10.1093/mnras/stv104},
archivePrefix = {arXiv},
       eprint = {1409.3320},
 primaryClass = {astro-ph.EP},
       adsurl = {https://ui.adsabs.harvard.edu/abs/2015MNRAS.448.1956S},
      adsnote = {Provided by the SAO/NASA Astrophysics Data System}
}

@ARTICLE{vaneylen15,
       author = {{Van Eylen}, Vincent and {Albrecht}, Simon},
        title = "{Eccentricity from Transit Photometry: Small Planets in Kepler Multi-planet Systems Have Low Eccentricities}",
      journal = {\apj},
     keywords = {planetary systems, stars: fundamental parameters, stars: oscillations: including pulsations, Astrophysics - Earth and Planetary Astrophysics, Astrophysics - Solar and Stellar Astrophysics},
         year = "2015",
        month = "Aug",
       volume = {808},
       number = {2},
          eid = {126},
        pages = {126},
          doi = {10.1088/0004-637X/808/2/126},
archivePrefix = {arXiv},
       eprint = {1505.02814},
 primaryClass = {astro-ph.EP},
       adsurl = {https://ui.adsabs.harvard.edu/abs/2015ApJ...808..126V},
      adsnote = {Provided by the SAO/NASA Astrophysics Data System}
}

@ARTICLE{hadden17,
       author = {{Hadden}, Sam and {Lithwick}, Yoram},
        title = "{Kepler Planet Masses and Eccentricities from TTV Analysis}",
      journal = {\aj},
     keywords = {planets and satellites: detection, Astrophysics - Earth and Planetary Astrophysics},
         year = "2017",
        month = "Jul",
       volume = {154},
       number = {1},
          eid = {5},
        pages = {5},
          doi = {10.3847/1538-3881/aa71ef},
archivePrefix = {arXiv},
       eprint = {1611.03516},
 primaryClass = {astro-ph.EP},
       adsurl = {https://ui.adsabs.harvard.edu/abs/2017AJ....154....5H},
      adsnote = {Provided by the SAO/NASA Astrophysics Data System}
}

@ARTICLE{millholland17,
       author = {{Millholland}, Sarah and {Wang}, Songhu and {Laughlin}, Gregory},
        title = "{Kepler Multi-planet Systems Exhibit Unexpected Intra-system Uniformity in Mass and Radius}",
      journal = {\apjl},
     keywords = {planets and satellites: formation, planets and satellites: fundamental parameters, planets and satellites: general, Astrophysics - Earth and Planetary Astrophysics},
         year = "2017",
        month = "Nov",
       volume = {849},
       number = {2},
          eid = {L33},
        pages = {L33},
          doi = {10.3847/2041-8213/aa9714},
archivePrefix = {arXiv},
       eprint = {1710.11152},
 primaryClass = {astro-ph.EP},
       adsurl = {https://ui.adsabs.harvard.edu/abs/2017ApJ...849L..33M},
      adsnote = {Provided by the SAO/NASA Astrophysics Data System}
}

@ARTICLE{millholland21,
       author = {{Millholland}, Sarah C. and {Winn}, Joshua N.},
        title = "{Split Peas in a Pod: Intra-system Uniformity of Super-Earths and Sub-Neptunes}",
      journal = {\apjl},
     keywords = {Exoplanets, Super Earths, Mini Neptunes, Exoplanet systems, 498, 1655, 1063, 484, Astrophysics - Earth and Planetary Astrophysics},
         year = 2021,
        month = oct,
       volume = {920},
       number = {2},
          eid = {L34},
        pages = {L34},
          doi = {10.3847/2041-8213/ac2c77},
archivePrefix = {arXiv},
       eprint = {2110.01466},
 primaryClass = {astro-ph.EP},
       adsurl = {https://ui.adsabs.harvard.edu/abs/2021ApJ...920L..34M},
      adsnote = {Provided by the SAO/NASA Astrophysics Data System}
}

@ARTICLE{meyer97,
       author = {{Meyer}, Michael R. and {Calvet}, Nuria and {Hillenbrand}, Lynne A.},
        title = "{Intrinsic Near-Infrared Excesses of T Tauri Stars: Understanding the
        Classical T Tauri Star Locus}",
      journal = {\aj},
         year = 1997,
        month = Jul,
       volume = {114},
        pages = {288-300},
          doi = {10.1086/118474},
       adsurl = {https://ui.adsabs.harvard.edu/\#abs/1997AJ....114..288M},
      adsnote = {Provided by the SAO/NASA Astrophysics Data System}
}

@ARTICLE{mulders18,
       author = {{Mulders}, Gijs D. and {Pascucci}, Ilaria and {Apai}, D{\'a}niel and {Ciesla}, Fred J.},
        title = "{The Exoplanet Population Observation Simulator. I. The Inner Edges of Planetary Systems}",
      journal = {\aj},
     keywords = {methods: statistical, planetary systems, planets and satellites: formation, protoplanetary disks, surveys, Astrophysics - Earth and Planetary Astrophysics, Astrophysics - Solar and Stellar Astrophysics},
         year = 2018,
        month = jul,
       volume = {156},
       number = {1},
          eid = {24},
        pages = {24},
          doi = {10.3847/1538-3881/aac5ea},
archivePrefix = {arXiv},
       eprint = {1805.08211},
 primaryClass = {astro-ph.EP},
       adsurl = {https://ui.adsabs.harvard.edu/abs/2018AJ....156...24M},
      adsnote = {Provided by the SAO/NASA Astrophysics Data System}
}

@ARTICLE{ward97,
       author = {{Ward}, William R.},
        title = "{Protoplanet Migration by Nebula Tides}",
      journal = {\icarus},
         year = 1997,
        month = Apr,
       volume = {126},
        pages = {261-281},
          doi = {10.1006/icar.1996.5647},
       adsurl = {https://ui.adsabs.harvard.edu/#abs/1997Icar..126..261W},
      adsnote = {Provided by the SAO/NASA Astrophysics Data System}
}

@ARTICLE{cresswell06,
       author = {{Cresswell}, P. and {Nelson}, R.~P.},
        title = "{On the evolution of multiple protoplanets embedded in a protostellar disc}",
      journal = {\aap},
         year = 2006,
        month = may,
       volume = {450},
       number = {2},
        pages = {833-853},
          doi = {10.1051/0004-6361:20054551},
       adsurl = {https://ui.adsabs.harvard.edu/abs/2006A&A...450..833C},
      adsnote = {Provided by the SAO/NASA Astrophysics Data System}
}

@INPROCEEDINGS{mills16,
       author = {{Mills}, Sean and {Fabrycky}, Daniel C. and {Migaszewski}, Cezary and {Ford}, Eric B. and {Petigura}, Erik and {Isaacson}, Howard T.},
        title = "{Kepler-223: A Resonant Chain of Four Transiting, Sub-Neptune Planets}",
    booktitle = {AAS/Division of Dynamical Astronomy Meeting \#47},
         year = 2016,
       series = {AAS/Division of Dynamical Astronomy Meeting},
       volume = {47},
        month = may,
          eid = {101.03},
        pages = {101.03},
       adsurl = {https://ui.adsabs.harvard.edu/abs/2016DDA....4710103M},
      adsnote = {Provided by the SAO/NASA Astrophysics Data System}
}

@ARTICLE{gillon16,
       author = {{Gillon}, Micha{\"e}l and {Jehin}, Emmanu{\"e}l and {Lederer}, Susan M. and {Delrez}, Laetitia and {de Wit}, Julien and {Burdanov}, Artem and {Van Grootel}, Val{\'e}rie and {Burgasser}, Adam J. and {Triaud}, Amaury H.~M.~J. and {Opitom}, Cyrielle and {Demory}, Brice-Olivier and {Sahu}, Devendra K. and {Bardalez Gagliuffi}, Daniella and {Magain}, Pierre and {Queloz}, Didier},
        title = "{Temperate Earth-sized planets transiting a nearby ultracool dwarf star}",
      journal = {\nat},
     keywords = {Astrophysics - Earth and Planetary Astrophysics},
         year = 2016,
        month = may,
       volume = {533},
       number = {7602},
        pages = {221-224},
          doi = {10.1038/nature17448},
archivePrefix = {arXiv},
       eprint = {1605.07211},
 primaryClass = {astro-ph.EP},
       adsurl = {https://ui.adsabs.harvard.edu/abs/2016Natur.533..221G},
      adsnote = {Provided by the SAO/NASA Astrophysics Data System}
}

@ARTICLE{gillon17,
       author = {{Gillon}, Micha{\"e}l and {Triaud}, Amaury H.~M.~J. and {Demory}, Brice-Olivier and {Jehin}, Emmanu{\"e}l and {Agol}, Eric and {Deck}, Katherine M. and {Lederer}, Susan M. and {de Wit}, Julien and {Burdanov}, Artem and {Ingalls}, James G. and {Bolmont}, Emeline and {Leconte}, Jeremy and {Raymond}, Sean N. and {Selsis}, Franck and {Turbet}, Martin and {Barkaoui}, Khalid and {Burgasser}, Adam and {Burleigh}, Matthew R. and {Carey}, Sean J. and {Chaushev}, Aleksander and {Copperwheat}, Chris M. and {Delrez}, Laetitia and {Fernandes}, Catarina S. and {Holdsworth}, Daniel L. and {Kotze}, Enrico J. and {Van Grootel}, Val{\'e}rie and {Almleaky}, Yaseen and {Benkhaldoun}, Zouhair and {Magain}, Pierre and {Queloz}, Didier},
        title = "{Seven temperate terrestrial planets around the nearby ultracool dwarf star TRAPPIST-1}",
      journal = {\nat},
     keywords = {Astrophysics - Earth and Planetary Astrophysics},
         year = 2017,
        month = feb,
       volume = {542},
       number = {7642},
        pages = {456-460},
          doi = {10.1038/nature21360},
archivePrefix = {arXiv},
       eprint = {1703.01424},
 primaryClass = {astro-ph.EP},
       adsurl = {https://ui.adsabs.harvard.edu/abs/2017Natur.542..456G},
      adsnote = {Provided by the SAO/NASA Astrophysics Data System}
}

@ARTICLE{agol21,
       author = {{Agol}, Eric and {Dorn}, Caroline and {Grimm}, Simon L. and {Turbet}, Martin and {Ducrot}, Elsa and {Delrez}, Laetitia and {Gillon}, Micha{\"e}l and {Demory}, Brice-Olivier and {Burdanov}, Artem and {Barkaoui}, Khalid and {Benkhaldoun}, Zouhair and {Bolmont}, Emeline and {Burgasser}, Adam and {Carey}, Sean and {de Wit}, Julien and {Fabrycky}, Daniel and {Foreman-Mackey}, Daniel and {Haldemann}, Jonas and {Hernandez}, David M. and {Ingalls}, James and {Jehin}, Emmanuel and {Langford}, Zachary and {Leconte}, J{\'e}r{\'e}my and {Lederer}, Susan M. and {Luger}, Rodrigo and {Malhotra}, Renu and {Meadows}, Victoria S. and {Morris}, Brett M. and {Pozuelos}, Francisco J. and {Queloz}, Didier and {Raymond}, Sean N. and {Selsis}, Franck and {Sestovic}, Marko and {Triaud}, Amaury H.~M.~J. and {Van Grootel}, Valerie},
        title = "{Refining the Transit-timing and Photometric Analysis of TRAPPIST-1: Masses, Radii, Densities, Dynamics, and Ephemerides}",
      journal = {\psj},
     keywords = {Extrasolar rocky planets, Exoplanet dynamics, Infrared photometry, Habitable planets, Transit timing variation method, Transit photometry, Exoplanet astronomy, Planetary interior, Fundamental parameters of stars, Markov chain Monte Carlo, N-body simulations, Few-body systems, 511, 490, 792, 695, 1710, 1709, 486, 1248, 555, 1889, 1083, 531, Astrophysics - Earth and Planetary Astrophysics},
         year = 2021,
        month = feb,
       volume = {2},
       number = {1},
          eid = {1},
        pages = {1},
          doi = {10.3847/PSJ/abd022},
archivePrefix = {arXiv},
       eprint = {2010.01074},
 primaryClass = {astro-ph.EP},
       adsurl = {https://ui.adsabs.harvard.edu/abs/2021PSJ.....2....1A},
      adsnote = {Provided by the SAO/NASA Astrophysics Data System}
}

@ARTICLE{izidoro17,
       author = {{Izidoro}, Andre and {Ogihara}, Masahiro and {Raymond}, Sean N. and {Morbidelli}, Alessandro and {Pierens}, Arnaud and {Bitsch}, Bertram and {Cossou}, Christophe and {Hersant}, Franck},
        title = "{Breaking the chains: hot super-Earth systems from migration and disruption of compact resonant chains}",
      journal = {\mnras},
     keywords = {methods: numerical, planets and satellites: dynamical evolution and stability, planets and satellites: formation, planet-disc interactions, protoplanetary discs, Astrophysics - Earth and Planetary Astrophysics},
         year = 2017,
        month = sep,
       volume = {470},
       number = {2},
        pages = {1750-1770},
          doi = {10.1093/mnras/stx1232},
archivePrefix = {arXiv},
       eprint = {1703.03634},
 primaryClass = {astro-ph.EP},
       adsurl = {https://ui.adsabs.harvard.edu/abs/2017MNRAS.470.1750I},
      adsnote = {Provided by the SAO/NASA Astrophysics Data System}
}

@ARTICLE{izidoro21,
       author = {{Izidoro}, Andr{\'e} and {Bitsch}, Bertram and {Raymond}, Sean N. and {Johansen}, Anders and {Morbidelli}, Alessandro and {Lambrechts}, Michiel and {Jacobson}, Seth A.},
        title = "{Formation of planetary systems by pebble accretion and migration. Hot super-Earth systems from breaking compact resonant chains}",
      journal = {\aap},
     keywords = {planets and satellites: formation, planets and satellites: dynamical evolution and stability, planets and satellites: detection, planets and satellites: composition, methods: numerical, planet-disk interactions, Astrophysics - Earth and Planetary Astrophysics},
         year = 2021,
        month = jun,
       volume = {650},
          eid = {A152},
        pages = {A152},
          doi = {10.1051/0004-6361/201935336},
archivePrefix = {arXiv},
       eprint = {1902.08772},
 primaryClass = {astro-ph.EP},
       adsurl = {https://ui.adsabs.harvard.edu/abs/2021A&A...650A.152I},
      adsnote = {Provided by the SAO/NASA Astrophysics Data System}
}

@ARTICLE{ayliffe10,
       author = {{Ayliffe}, Ben A. and {Bate}, Matthew R.},
        title = "{Planet migration: self-gravitating radiation hydrodynamical models of
        protoplanets with surfaces}",
      journal = {\mnras},
     keywords = {hydrodynamics, radiative transfer, methods: numerical, planets and
        satellites: formation, planet, disc interactions, Astrophysics -
        Earth and Planetary Astrophysics},
         year = 2010,
        month = Oct,
       volume = {408},
        pages = {876-896},
          doi = {10.1111/j.1365-2966.2010.17221.x},
archivePrefix = {arXiv},
       eprint = {1006.2135},
 primaryClass = {astro-ph.EP},
       adsurl = {https://ui.adsabs.harvard.edu/#abs/2010MNRAS.408..876A},
      adsnote = {Provided by the SAO/NASA Astrophysics Data System}
}

@ARTICLE{bitsch13,
       author = {{Bitsch}, B. and {Crida}, A. and {Morbidelli}, A. and {Kley}, W. and
        {Dobbs-Dixon}, I.},
        title = "{Stellar irradiated discs and implications on migration of embedded
        planets. I. Equilibrium discs}",
      journal = {\aap},
     keywords = {accretion, accretion disks, planets and satellites: formation,
        hydrodynamics, radio continuum: galaxies, radiative transfer,
        planet-disk interactions, Astrophysics - Earth and Planetary
        Astrophysics},
         year = 2013,
        month = Jan,
       volume = {549},
          eid = {A124},
        pages = {A124},
          doi = {10.1051/0004-6361/201220159},
archivePrefix = {arXiv},
       eprint = {1211.6345},
 primaryClass = {astro-ph.EP},
       adsurl = {https://ui.adsabs.harvard.edu/#abs/2013A&A...549A.124B},
      adsnote = {Provided by the SAO/NASA Astrophysics Data System}
}

@ARTICLE{bailey18,
       author = {{Bailey}, Elizabeth and {Batygin}, Konstantin},
        title = "{The Hot Jupiter Period-Mass Distribution as a Signature of in situ Formation}",
      journal = {\apjl},
     keywords = {planetary systems, Astrophysics - Earth and Planetary Astrophysics},
         year = "2018",
        month = "Oct",
       volume = {866},
       number = {1},
          eid = {L2},
        pages = {L2},
          doi = {10.3847/2041-8213/aade90},
archivePrefix = {arXiv},
       eprint = {1809.05517},
 primaryClass = {astro-ph.EP},
       adsurl = {https://ui.adsabs.harvard.edu/abs/2018ApJ...866L...2B},
      adsnote = {Provided by the SAO/NASA Astrophysics Data System}
}

@ARTICLE{hansen12,
       author = {{Hansen}, Brad M.~S. and {Murray}, Norm},
        title = "{Migration Then Assembly: Formation of Neptune-mass Planets inside 1 AU}",
      journal = {\apj},
     keywords = {planets and satellites: dynamical evolution and stability, planet-star
        interactions, Astrophysics - Solar and Stellar Astrophysics},
         year = 2012,
        month = Jun,
       volume = {751},
          eid = {158},
        pages = {158},
          doi = {10.1088/0004-637X/751/2/158},
archivePrefix = {arXiv},
       eprint = {1105.2050},
 primaryClass = {astro-ph.SR},
       adsurl = {https://ui.adsabs.harvard.edu/#abs/2012ApJ...751..158H},
      adsnote = {Provided by the SAO/NASA Astrophysics Data System}
}

@ARTICLE{ogihara18,
       author = {{Ogihara}, Masahiro and {Kokubo}, Eiichiro and {Suzuki}, Takeru K. and
        {Morbidelli}, Alessandro},
        title = "{Formation of close-in super-Earths in evolving protoplanetary disks due
        to disk winds}",
      journal = {\aap},
     keywords = {planets and satellites: formation, protoplanetary disks, planet-disk
        interactions, methods: numerical, Astrophysics - Earth and
        Planetary Astrophysics},
         year = 2018,
        month = Jul,
       volume = {615},
          eid = {A63},
        pages = {A63},
          doi = {10.1051/0004-6361/201832720},
archivePrefix = {arXiv},
       eprint = {1804.01070},
 primaryClass = {astro-ph.EP},
       adsurl = {https://ui.adsabs.harvard.edu/\#abs/2018A&A...615A..63O},
      adsnote = {Provided by the SAO/NASA Astrophysics Data System}
}

@ARTICLE{wisdom91,
       author = {{Wisdom}, Jack and {Holman}, Matthew},
        title = "{Symplectic maps for the N-body problem.}",
      journal = {\aj},
     keywords = {Many Body Problem, Planetary Evolution, Pluto (Planet), Astronomical Maps, Gravitational Effects, Physics (General)},
         year = 1991,
        month = oct,
       volume = {102},
        pages = {1528-1538},
          doi = {10.1086/115978},
       adsurl = {https://ui.adsabs.harvard.edu/abs/1991AJ....102.1528W},
      adsnote = {Provided by the SAO/NASA Astrophysics Data System}
}

@ARTICLE{chambers96,
       author = {{Chambers}, J.~E. and {Wetherill}, G.~W. and {Boss}, A.~P.},
        title = "{The Stability of Multi-Planet Systems}",
      journal = {\icarus},
     keywords = {Earth Science},
         year = 1996,
        month = feb,
       volume = {119},
       number = {2},
        pages = {261-268},
          doi = {10.1006/icar.1996.0019},
       adsurl = {https://ui.adsabs.harvard.edu/abs/1996Icar..119..261C},
      adsnote = {Provided by the SAO/NASA Astrophysics Data System}
}

@ARTICLE{chambers99,
       author = {{Chambers}, J.~E.},
        title = "{A hybrid symplectic integrator that permits close encounters between massive bodies}",
      journal = {\mnras},
     keywords = {ACCRETION, ACCRETION DISCS, METHODS: NUMERICAL, CELESTIAL MECHANICS, STELLAR DYNAMICS, SOLAR SYSTEM: GENERAL},
         year = 1999,
        month = apr,
       volume = {304},
       number = {4},
        pages = {793-799},
          doi = {10.1046/j.1365-8711.1999.02379.x},
       adsurl = {https://ui.adsabs.harvard.edu/abs/1999MNRAS.304..793C},
      adsnote = {Provided by the SAO/NASA Astrophysics Data System}
}

@ARTICLE{grimm14,
       author = {{Grimm}, Simon L. and {Stadel}, Joachim G.},
        title = "{The GENGA Code: Gravitational Encounters in N-body Simulations with GPU Acceleration}",
      journal = {\apj},
     keywords = {celestial mechanics, methods: numerical, planets and satellites: formation, planets and satellites: dynamical evolution and stability, Astrophysics - Earth and Planetary Astrophysics},
         year = 2014,
        month = nov,
       volume = {796},
       number = {1},
          eid = {23},
        pages = {23},
          doi = {10.1088/0004-637X/796/1/23},
archivePrefix = {arXiv},
       eprint = {1404.2324},
 primaryClass = {astro-ph.EP},
       adsurl = {https://ui.adsabs.harvard.edu/abs/2014ApJ...796...23G},
      adsnote = {Provided by the SAO/NASA Astrophysics Data System}
}

@ARTICLE{grimm22,
       author = {{Grimm}, Simon L. and {Stadel}, Joachim G. and {Brasser}, Ramon and {Meier}, Matthias M.~M. and {Mordasini}, Christoph},
        title = "{GENGA. II. GPU Planetary N-body Simulations with Non-Newtonian Forces and High Number of Particles}",
      journal = {\apj},
     keywords = {Celestial mechanics, N-body simulations, Planet formation, Solar system formation, GPU computing, Computational methods, Asteroid dynamics, N-body problem, 211, 1083, 1241, 1530, 1969, 1965, 2210, 1082, Astrophysics - Earth and Planetary Astrophysics, Astrophysics - Instrumentation and Methods for Astrophysics},
         year = 2022,
        month = jun,
       volume = {932},
       number = {2},
          eid = {124},
        pages = {124},
          doi = {10.3847/1538-4357/ac6dd2},
archivePrefix = {arXiv},
       eprint = {2201.10058},
 primaryClass = {astro-ph.EP},
       adsurl = {https://ui.adsabs.harvard.edu/abs/2022ApJ...932..124G},
      adsnote = {Provided by the SAO/NASA Astrophysics Data System}
}

@ARTICLE{marcus09,
       author = {{Marcus}, Robert A. and {Stewart}, Sarah T. and {Sasselov}, Dimitar and {Hernquist}, Lars},
        title = "{Collisional Stripping and Disruption of Super-Earths}",
      journal = {\apjl},
     keywords = {planetary systems: formation, planets and satellites: formation, Astrophysics - Earth and Planetary Astrophysics},
         year = 2009,
        month = aug,
       volume = {700},
       number = {2},
        pages = {L118-L122},
          doi = {10.1088/0004-637X/700/2/L118},
archivePrefix = {arXiv},
       eprint = {0907.0234},
 primaryClass = {astro-ph.EP},
       adsurl = {https://ui.adsabs.harvard.edu/abs/2009ApJ...700L.118M},
      adsnote = {Provided by the SAO/NASA Astrophysics Data System}
}

@ARTICLE{baraffe15,
       author = {{Baraffe}, Isabelle and {Homeier}, Derek and {Allard}, France and {Chabrier}, Gilles},
        title = "{New evolutionary models for pre-main sequence and main sequence low-mass stars down to the hydrogen-burning limit}",
      journal = {\aap},
     keywords = {stars: evolution, stars: low-mass, stars: pre-main sequence, Hertzsprung-Russell and C-M diagrams, convection, Astrophysics - Solar and Stellar Astrophysics},
         year = 2015,
        month = may,
       volume = {577},
          eid = {A42},
        pages = {A42},
          doi = {10.1051/0004-6361/201425481},
archivePrefix = {arXiv},
       eprint = {1503.04107},
 primaryClass = {astro-ph.SR},
       adsurl = {https://ui.adsabs.harvard.edu/abs/2015A&A...577A..42B},
      adsnote = {Provided by the SAO/NASA Astrophysics Data System}
}

@ARTICLE{raymond18,
       author = {{Raymond}, Sean N. and {Boulet}, Thibault and {Izidoro}, Andre and {Esteves}, Leandro and {Bitsch}, Bertram},
        title = "{Migration-driven diversity of super-Earth compositions}",
      journal = {\mnras},
     keywords = {protoplanetary discs, planets and satellites: formation, planets and satellites: dynamical evolution and stability, planet-disc interactions, planets and satellites: composition, Astrophysics - Earth and Planetary Astrophysics, Astrophysics - Solar and Stellar Astrophysics},
         year = 2018,
        month = sep,
       volume = {479},
       number = {1},
        pages = {L81-L85},
          doi = {10.1093/mnrasl/sly100},
archivePrefix = {arXiv},
       eprint = {1805.10345},
 primaryClass = {astro-ph.EP},
       adsurl = {https://ui.adsabs.harvard.edu/abs/2018MNRAS.479L..81R},
      adsnote = {Provided by the SAO/NASA Astrophysics Data System}
}

@ARTICLE{raymond05,
       author = {{Raymond}, Sean N. and {Quinn}, Thomas and {Lunine}, Jonathan I.},
        title = "{Terrestrial Planet Formation in Disks with Varying Surface Density Profiles}",
      journal = {\apj},
     keywords = {Astrobiology, Methods: n-Body Simulations, Planets and Satellites: Formation, Astrophysics},
         year = 2005,
        month = oct,
       volume = {632},
       number = {1},
        pages = {670-676},
          doi = {10.1086/433179},
archivePrefix = {arXiv},
       eprint = {astro-ph/0507004},
 primaryClass = {astro-ph},
       adsurl = {https://ui.adsabs.harvard.edu/abs/2005ApJ...632..670R},
      adsnote = {Provided by the SAO/NASA Astrophysics Data System}
}

@ARTICLE{levison03,
       author = {{Levison}, Harold F. and {Agnor}, Craig},
        title = "{The Role of Giant Planets in Terrestrial Planet Formation}",
      journal = {\aj},
     keywords = {Planets and Satellites: Formation, Solar System: Formation},
         year = 2003,
        month = may,
       volume = {125},
       number = {5},
        pages = {2692-2713},
          doi = {10.1086/374625},
       adsurl = {https://ui.adsabs.harvard.edu/abs/2003AJ....125.2692L},
      adsnote = {Provided by the SAO/NASA Astrophysics Data System}
}

@ARTICLE{volk15,
       author = {{Volk}, Kathryn and {Gladman}, Brett},
        title = "{Consolidating and Crushing Exoplanets: Did It Happen Here?}",
      journal = {\apjl},
     keywords = {celestial mechanics, planetary systems, planets and satellites: dynamical evolution and stability, planets and satellites: formation, Astrophysics - Earth and Planetary Astrophysics},
         year = 2015,
        month = jun,
       volume = {806},
       number = {2},
          eid = {L26},
        pages = {L26},
          doi = {10.1088/2041-8205/806/2/L26},
archivePrefix = {arXiv},
       eprint = {1502.06558},
 primaryClass = {astro-ph.EP},
       adsurl = {https://ui.adsabs.harvard.edu/abs/2015ApJ...806L..26V},
      adsnote = {Provided by the SAO/NASA Astrophysics Data System}
}

@ARTICLE{melis12,
       author = {{Melis}, Carl and {Zuckerman}, B. and {Rhee}, Joseph H. and {Song}, Inseok and {Murphy}, Simon J. and {Bessell}, Michael S.},
        title = "{Rapid disappearance of a warm, dusty circumstellar disk}",
      journal = {\nat},
     keywords = {Astrophysics - Solar and Stellar Astrophysics, Astrophysics - Earth and Planetary Astrophysics},
         year = 2012,
        month = jul,
       volume = {487},
       number = {7405},
        pages = {74-76},
          doi = {10.1038/nature11210},
archivePrefix = {arXiv},
       eprint = {1207.1162},
 primaryClass = {astro-ph.SR},
       adsurl = {https://ui.adsabs.harvard.edu/abs/2012Natur.487...74M},
      adsnote = {Provided by the SAO/NASA Astrophysics Data System}
}

@ARTICLE{silvaaguirre15,
       author = {{Silva Aguirre}, V. and {Davies}, G.~R. and {Basu}, S. and {Christensen-Dalsgaard}, J. and {Creevey}, O. and {Metcalfe}, T.~S. and {Bedding}, T.~R. and {Casagrande}, L. and {Handberg}, R. and {Lund}, M.~N. and {Nissen}, P.~E. and {Chaplin}, W.~J. and {Huber}, D. and {Serenelli}, A.~M. and {Stello}, D. and {Van Eylen}, V. and {Campante}, T.~L. and {Elsworth}, Y. and {Gilliland}, R.~L. and {Hekker}, S. and {Karoff}, C. and {Kawaler}, S.~D. and {Kjeldsen}, H. and {Lundkvist}, M.~S.},
        title = "{Ages and fundamental properties of Kepler exoplanet host stars from asteroseismology}",
      journal = {\mnras},
     keywords = {asteroseismology, planets and satellites: fundamental parameters, stars: evolution, stars: fundamental parameters, stars: oscillations, planetary systems, Astrophysics - Solar and Stellar Astrophysics, Astrophysics - Earth and Planetary Astrophysics},
         year = 2015,
        month = sep,
       volume = {452},
       number = {2},
        pages = {2127-2148},
          doi = {10.1093/mnras/stv1388},
archivePrefix = {arXiv},
       eprint = {1504.07992},
 primaryClass = {astro-ph.SR},
       adsurl = {https://ui.adsabs.harvard.edu/abs/2015MNRAS.452.2127S},
      adsnote = {Provided by the SAO/NASA Astrophysics Data System}
}

@ARTICLE{laskar96,
       author = {{Laskar}, Jacques},
        title = "{Large Scale Chaos and Marginal Stability in the Solar System}",
      journal = {Celestial Mechanics and Dynamical Astronomy},
         year = 1996,
        month = mar,
       volume = {64},
       number = {1-2},
        pages = {115-162},
          doi = {10.1007/BF00051610},
       adsurl = {https://ui.adsabs.harvard.edu/abs/1996CeMDA..64..115L},
      adsnote = {Provided by the SAO/NASA Astrophysics Data System}
}

@ARTICLE{deck12,
       author = {{Deck}, Katherine M. and {Holman}, Matthew J. and {Agol}, Eric and {Carter}, Joshua A. and {Lissauer}, Jack J. and {Ragozzine}, Darin and {Winn}, Joshua N.},
        title = "{Rapid Dynamical Chaos in an Exoplanetary System}",
      journal = {\apjl},
     keywords = {celestial mechanics, planets and satellites: dynamical evolution and stability, Astrophysics - Earth and Planetary Astrophysics},
         year = 2012,
        month = aug,
       volume = {755},
       number = {1},
          eid = {L21},
        pages = {L21},
          doi = {10.1088/2041-8205/755/1/L21},
archivePrefix = {arXiv},
       eprint = {1206.4695},
 primaryClass = {astro-ph.EP},
       adsurl = {https://ui.adsabs.harvard.edu/abs/2012ApJ...755L..21D},
      adsnote = {Provided by the SAO/NASA Astrophysics Data System}
}

@ARTICLE{lissauer12,
       author = {{Lissauer}, Jack J. and {Marcy}, Geoffrey W. and {Rowe}, Jason F. and {Bryson}, Stephen T. and {Adams}, Elisabeth and {Buchhave}, Lars A. and {Ciardi}, David R. and {Cochran}, William D. and {Fabrycky}, Daniel C. and {Ford}, Eric B. and {Fressin}, Francois and {Geary}, John and {Gilliland}, Ronald L. and {Holman}, Matthew J. and {Howell}, Steve B. and {Jenkins}, Jon M. and {Kinemuchi}, Karen and {Koch}, David G. and {Morehead}, Robert C. and {Ragozzine}, Darin and {Seader}, Shawn E. and {Tanenbaum}, Peter G. and {Torres}, Guillermo and {Twicken}, Joseph D.},
        title = "{Almost All of Kepler's Multiple-planet Candidates Are Planets}",
      journal = {\apj},
     keywords = {planetary systems, planets and satellites: detection, techniques: photometric, Astrophysics - Earth and Planetary Astrophysics},
         year = 2012,
        month = may,
       volume = {750},
       number = {2},
          eid = {112},
        pages = {112},
          doi = {10.1088/0004-637X/750/2/112},
archivePrefix = {arXiv},
       eprint = {1201.5424},
 primaryClass = {astro-ph.EP},
       adsurl = {https://ui.adsabs.harvard.edu/abs/2012ApJ...750..112L},
      adsnote = {Provided by the SAO/NASA Astrophysics Data System}
}

@ARTICLE{lissauer13,
       author = {{Lissauer}, Jack J. and {Jontof-Hutter}, Daniel and {Rowe}, Jason F. and {Fabrycky}, Daniel C. and {Lopez}, Eric D. and {Agol}, Eric and {Marcy}, Geoffrey W. and {Deck}, Katherine M. and {Fischer}, Debra A. and {Fortney}, Jonathan J. and {Howell}, Steve B. and {Isaacson}, Howard and {Jenkins}, Jon M. and {Kolbl}, Rea and {Sasselov}, Dimitar and {Short}, Donald R. and {Welsh}, William F.},
        title = "{All Six Planets Known to Orbit Kepler-11 Have Low Densities}",
      journal = {\apj},
     keywords = {celestial mechanics, ephemerides, planets and satellites: composition, planets and satellites: dynamical evolution and stability, planets and satellites: fundamental parameters, Astrophysics - Earth and Planetary Astrophysics},
         year = 2013,
        month = jun,
       volume = {770},
       number = {2},
          eid = {131},
        pages = {131},
          doi = {10.1088/0004-637X/770/2/131},
archivePrefix = {arXiv},
       eprint = {1303.0227},
 primaryClass = {astro-ph.EP},
       adsurl = {https://ui.adsabs.harvard.edu/abs/2013ApJ...770..131L},
      adsnote = {Provided by the SAO/NASA Astrophysics Data System}
}

@ARTICLE{goodfellow14,
       author = {{Goodfellow}, Ian J. and {Pouget-Abadie}, Jean and {Mirza}, Mehdi and {Xu}, Bing and {Warde-Farley}, David and {Ozair}, Sherjil and {Courville}, Aaron and {Bengio}, Yoshua},
        title = "{Generative Adversarial Networks}",
      journal = {arXiv e-prints},
     keywords = {Statistics - Machine Learning, Computer Science - Machine Learning},
         year = 2014,
        month = jun,
          eid = {arXiv:1406.2661},
        pages = {arXiv:1406.2661},
          doi = {10.48550/arXiv.1406.2661},
archivePrefix = {arXiv},
       eprint = {1406.2661},
 primaryClass = {stat.ML},
       adsurl = {https://ui.adsabs.harvard.edu/abs/2014arXiv1406.2661G},
      adsnote = {Provided by the SAO/NASA Astrophysics Data System}
}

@ARTICLE{kingma14,
       author = {{Kingma}, Diederik P. and {Ba}, Jimmy},
        title = "{Adam: A Method for Stochastic Optimization}",
      journal = {arXiv e-prints},
     keywords = {Computer Science - Machine Learning},
         year = 2014,
        month = dec,
          eid = {arXiv:1412.6980},
        pages = {arXiv:1412.6980},
          doi = {10.48550/arXiv.1412.6980},
archivePrefix = {arXiv},
       eprint = {1412.6980},
 primaryClass = {cs.LG},
       adsurl = {https://ui.adsabs.harvard.edu/abs/2014arXiv1412.6980K},
      adsnote = {Provided by the SAO/NASA Astrophysics Data System}
}

@ARTICLE{gulrajani17,
       author = {{Gulrajani}, Ishaan and {Ahmed}, Faruk and {Arjovsky}, Martin and {Dumoulin}, Vincent and {Courville}, Aaron},
        title = "{Improved Training of Wasserstein GANs}",
      journal = {arXiv e-prints},
     keywords = {Computer Science - Machine Learning, Statistics - Machine Learning},
         year = 2017,
        month = mar,
          eid = {arXiv:1704.00028},
        pages = {arXiv:1704.00028},
          doi = {10.48550/arXiv.1704.00028},
archivePrefix = {arXiv},
       eprint = {1704.00028},
 primaryClass = {cs.LG},
       adsurl = {https://ui.adsabs.harvard.edu/abs/2017arXiv170400028G},
      adsnote = {Provided by the SAO/NASA Astrophysics Data System}
}

@ARTICLE{schawinski17,
       author = {{Schawinski}, Kevin and {Zhang}, Ce and {Zhang}, Hantian and {Fowler}, Lucas and {Santhanam}, Gokula Krishnan},
        title = "{Generative adversarial networks recover features in astrophysical images of galaxies beyond the deconvolution limit}",
      journal = {\mnras},
     keywords = {methods: data analysis, techniques: image processing, galaxies: general, Astrophysics - Instrumentation and Methods for Astrophysics, Astrophysics - Astrophysics of Galaxies, Computer Science - Machine Learning, Statistics - Machine Learning},
         year = 2017,
        month = may,
       volume = {467},
       number = {1},
        pages = {L110-L114},
          doi = {10.1093/mnrasl/slx008},
archivePrefix = {arXiv},
       eprint = {1702.00403},
 primaryClass = {astro-ph.IM},
       adsurl = {https://ui.adsabs.harvard.edu/abs/2017MNRAS.467L.110S},
      adsnote = {Provided by the SAO/NASA Astrophysics Data System}
}

@ARTICLE{zingales18,
       author = {{Zingales}, Tiziano and {Waldmann}, Ingo P.},
        title = "{ExoGAN: Retrieving Exoplanetary Atmospheres Using Deep Convolutional Generative Adversarial Networks}",
      journal = {\aj},
     keywords = {methods: statistical, planets and satellites: atmospheres, radiative transfer, techniques: spectroscopic, Astrophysics - Instrumentation and Methods for Astrophysics, Astrophysics - Earth and Planetary Astrophysics},
         year = 2018,
        month = dec,
       volume = {156},
       number = {6},
          eid = {268},
        pages = {268},
          doi = {10.3847/1538-3881/aae77c},
archivePrefix = {arXiv},
       eprint = {1806.02906},
 primaryClass = {astro-ph.IM},
       adsurl = {https://ui.adsabs.harvard.edu/abs/2018AJ....156..268Z},
      adsnote = {Provided by the SAO/NASA Astrophysics Data System}
}

@ARTICLE{troster19,
       author = {{Tr{\"o}ster}, Tilman and {Ferguson}, Cameron and {Harnois-D{\'e}raps}, Joachim and {McCarthy}, Ian G.},
        title = "{Painting with baryons: augmenting N-body simulations with gas using deep generative models}",
      journal = {\mnras},
     keywords = {methods: numerical, large-scale structure of the Universe, galaxies: clusters: intracluster medium, Astrophysics - Cosmology and Nongalactic Astrophysics, Astrophysics - Instrumentation and Methods for Astrophysics, Statistics - Machine Learning},
         year = 2019,
        month = jul,
       volume = {487},
       number = {1},
        pages = {L24-L29},
          doi = {10.1093/mnrasl/slz075},
archivePrefix = {arXiv},
       eprint = {1903.12173},
 primaryClass = {astro-ph.CO},
       adsurl = {https://ui.adsabs.harvard.edu/abs/2019MNRAS.487L..24T},
      adsnote = {Provided by the SAO/NASA Astrophysics Data System}
}

@INPROCEEDINGS{dia20,
       author = {{Dia}, M. and {Savary}, E. and {Melchior}, M. and {Courbin}, F.},
        title = "{Galaxy Image Simulation Using Progressive GANs}",
     keywords = {Computer Science - Machine Learning, Astrophysics - Astrophysics of Galaxies, Electrical Engineering and Systems Science - Image and Video Processing, Statistics - Machine Learning},
    booktitle = {Astronomical Data Analysis Software and Systems XXIX},
         year = 2020,
       editor = {{Pizzo}, R. and {Deul}, E.~R. and {Mol}, J.~D. and {de Plaa}, J. and {Verkouter}, H.},
       series = {Astronomical Society of the Pacific Conference Series},
       volume = {527},
        month = jan,
        pages = {175},
          doi = {10.48550/arXiv.1909.12160},
archivePrefix = {arXiv},
       eprint = {1909.12160},
 primaryClass = {cs.LG},
       adsurl = {https://ui.adsabs.harvard.edu/abs/2020ASPC..527..175D},
      adsnote = {Provided by the SAO/NASA Astrophysics Data System}
}

@ARTICLE{jagvaral22,
       author = {{Jagvaral}, Yesukhei and {Lanusse}, Fran{\c{c}}ois and {Singh}, Sukhdeep and {Mandelbaum}, Rachel and {Ravanbakhsh}, Siamak and {Campbell}, Duncan},
        title = "{Galaxies and haloes on graph neural networks: Deep generative modelling scalar and vector quantities for intrinsic alignment}",
      journal = {\mnras},
     keywords = {gravitational lensing: weak, methods: numerical, galaxies: statistics, galaxies: structure, cosmology: theory, Astrophysics - Astrophysics of Galaxies},
         year = 2022,
        month = oct,
       volume = {516},
       number = {2},
        pages = {2406-2419},
          doi = {10.1093/mnras/stac2083},
archivePrefix = {arXiv},
       eprint = {2204.07077},
 primaryClass = {astro-ph.GA},
       adsurl = {https://ui.adsabs.harvard.edu/abs/2022MNRAS.516.2406J},
      adsnote = {Provided by the SAO/NASA Astrophysics Data System}
}

@ARTICLE{dvash22,
       author = {{Dvash}, Elad and {Peleg}, Yam and {Zucker}, Shay and {Giryes}, Raja},
        title = "{Shallow Transits-Deep Learning. II. Identify Individual Exoplanetary Transits in Red Noise using Deep Learning}",
      journal = {\aj},
     keywords = {Exoplanet detection methods, Transit photometry, Neural networks, 489, 1709, 1933, Astrophysics - Instrumentation and Methods for Astrophysics, Electrical Engineering and Systems Science - Image and Video Processing},
         year = 2022,
        month = may,
       volume = {163},
       number = {5},
          eid = {237},
        pages = {237},
          doi = {10.3847/1538-3881/ac5ea2},
archivePrefix = {arXiv},
       eprint = {2203.08017},
 primaryClass = {astro-ph.IM},
       adsurl = {https://ui.adsabs.harvard.edu/abs/2022AJ....163..237D},
      adsnote = {Provided by the SAO/NASA Astrophysics Data System}
}

@ARTICLE{xu19,
       author = {{Xu}, Lei and {Skoularidou}, Maria and {Cuesta-Infante}, Alfredo and {Veeramachaneni}, Kalyan},
        title = "{Modeling Tabular data using Conditional GAN}",
      journal = {arXiv e-prints},
     keywords = {Computer Science - Machine Learning, Statistics - Machine Learning},
         year = 2019,
        month = jun,
          eid = {arXiv:1907.00503},
        pages = {arXiv:1907.00503},
          doi = {10.48550/arXiv.1907.00503},
archivePrefix = {arXiv},
       eprint = {1907.00503},
 primaryClass = {cs.LG},
       adsurl = {https://ui.adsabs.harvard.edu/abs/2019arXiv190700503X},
      adsnote = {Provided by the SAO/NASA Astrophysics Data System}
}

@ARTICLE{tamayo20,
       author = {{Tamayo}, Daniel and {Cranmer}, Miles and {Hadden}, Samuel and {Rein}, Hanno and {Battaglia}, Peter and {Obertas}, Alysa and {Armitage}, Philip J. and {Ho}, Shirley and {Spergel}, David N. and {Gilbertson}, Christian and {Hussain}, Naireen and {Silburt}, Ari and {Jontof-Hutter}, Daniel and {Menou}, Kristen},
        title = "{Predicting the long-term stability of compact multiplanet systems}",
      journal = {Proceedings of the National Academy of Science},
     keywords = {machine learning, dynamical systems, UAT:498, orbital dynamics, UAT:222, Astrophysics - Earth and Planetary Astrophysics},
         year = 2020,
        month = aug,
       volume = {117},
       number = {31},
        pages = {18194-18205},
          doi = {10.1073/pnas.2001258117},
archivePrefix = {arXiv},
       eprint = {2007.06521},
 primaryClass = {astro-ph.EP},
       adsurl = {https://ui.adsabs.harvard.edu/abs/2020PNAS..11718194T},
      adsnote = {Provided by the SAO/NASA Astrophysics Data System}
}

@ARTICLE{cranmer21,
       author = {{Cranmer}, Miles and {Tamayo}, Daniel and {Rein}, Hanno and {Battaglia}, Peter and {Hadden}, Samuel and {Armitage}, Philip J. and {Ho}, Shirley and {Spergel}, David N.},
        title = "{A Bayesian neural network predicts the dissolution of compact planetary systems}",
      journal = {Proceedings of the National Academy of Science},
     keywords = {deep learning, UAT:2173, Bayesian analysis, chaos, Astrophysics - Earth and Planetary Astrophysics, Astrophysics - Instrumentation and Methods for Astrophysics, Computer Science - Artificial Intelligence, Computer Science - Machine Learning, Statistics - Machine Learning},
         year = 2021,
        month = oct,
       volume = {118},
       number = {40},
          eid = {e2026053118},
        pages = {e2026053118},
          doi = {10.1073/pnas.2026053118},
archivePrefix = {arXiv},
       eprint = {2101.04117},
 primaryClass = {astro-ph.EP},
       adsurl = {https://ui.adsabs.harvard.edu/abs/2021PNAS..11826053C},
      adsnote = {Provided by the SAO/NASA Astrophysics Data System}
}

@ARTICLE{laskar97,
       author = {{Laskar}, J.},
        title = "{Large scale chaos and the spacing of the inner planets.}",
      journal = {\aap},
     keywords = {CELESTIAL MECHANICS, SOLAR SYSTEM FORMATION, PLANETS, CHAOTIC PHENOMENA, INSTABILITIES, DIFFUSION},
         year = 1997,
        month = jan,
       volume = {317},
        pages = {L75-L78},
       adsurl = {https://ui.adsabs.harvard.edu/abs/1997A&A...317L..75L},
      adsnote = {Provided by the SAO/NASA Astrophysics Data System}
}

@ARTICLE{batygin23,
       author = {{Batygin}, Konstantin and {Petit}, Antoine C.},
        title = "{Dissipative Capture of Planets into First-order Mean-motion Resonances}",
      journal = {\apjl},
     keywords = {Orbital resonances, Perturbation methods, 1181, 1215, Astrophysics - Earth and Planetary Astrophysics},
         year = 2023,
        month = mar,
       volume = {946},
       number = {1},
          eid = {L11},
        pages = {L11},
          doi = {10.3847/2041-8213/acc015},
archivePrefix = {arXiv},
       eprint = {2303.02766},
 primaryClass = {astro-ph.EP},
       adsurl = {https://ui.adsabs.harvard.edu/abs/2023ApJ...946L..11B},
      adsnote = {Provided by the SAO/NASA Astrophysics Data System}
}

@ARTICLE{petigura18,
       author = {{Petigura}, Erik A. and {Marcy}, Geoffrey W. and {Winn}, Joshua N. and {Weiss}, Lauren M. and {Fulton}, Benjamin J. and {Howard}, Andrew W. and {Sinukoff}, Evan and {Isaacson}, Howard and {Morton}, Timothy D. and {Johnson}, John Asher},
        title = "{The California-Kepler Survey. IV. Metal-rich Stars Host a Greater Diversity of Planets}",
      journal = {\aj},
     keywords = {methods: statistical, planets and satellites: formation, planets and satellites: general, stars: abundances, stars: fundamental parameters, techniques: spectroscopic, Astrophysics - Earth and Planetary Astrophysics},
         year = 2018,
        month = feb,
       volume = {155},
       number = {2},
          eid = {89},
        pages = {89},
          doi = {10.3847/1538-3881/aaa54c},
archivePrefix = {arXiv},
       eprint = {1712.04042},
 primaryClass = {astro-ph.EP},
       adsurl = {https://ui.adsabs.harvard.edu/abs/2018AJ....155...89P},
      adsnote = {Provided by the SAO/NASA Astrophysics Data System}
}

@ARTICLE{chiang13,
       author = {{Chiang}, Eugene and {Laughlin}, Gregory},
        title = "{The minimum-mass extrasolar nebula: in situ formation of close-in super-Earths}",
      journal = {\mnras},
     keywords = {planets and satellites: atmospheres, planets and satellites: composition, planets and satellites: formation, planets and satellites: general, protoplanetary discs, Astrophysics - Earth and Planetary Astrophysics},
         year = 2013,
        month = jun,
       volume = {431},
       number = {4},
        pages = {3444-3455},
          doi = {10.1093/mnras/stt424},
archivePrefix = {arXiv},
       eprint = {1211.1673},
 primaryClass = {astro-ph.EP},
       adsurl = {https://ui.adsabs.harvard.edu/abs/2013MNRAS.431.3444C},
      adsnote = {Provided by the SAO/NASA Astrophysics Data System}
}

@ARTICLE{lee17,
       author = {{Lee}, Eve J. and {Chiang}, Eugene},
        title = "{Magnetospheric Truncation, Tidal Inspiral, and the Creation of Short-period and Ultra-short-period Planets}",
      journal = {\apj},
     keywords = {planet{\textendash}disk interactions, planet{\textendash}star interactions, planets and satellites: dynamical evolution and stability, planets and satellites: formation, stars: pre-main sequence, stars: magnetic field, Astrophysics - Earth and Planetary Astrophysics, Astrophysics - Solar and Stellar Astrophysics},
         year = 2017,
        month = jun,
       volume = {842},
       number = {1},
          eid = {40},
        pages = {40},
          doi = {10.3847/1538-4357/aa6fb3},
archivePrefix = {arXiv},
       eprint = {1702.08461},
 primaryClass = {astro-ph.EP},
       adsurl = {https://ui.adsabs.harvard.edu/abs/2017ApJ...842...40L},
      adsnote = {Provided by the SAO/NASA Astrophysics Data System}
}

@ARTICLE{dai20,
       author = {{Dai}, Fei and {Winn}, Joshua N. and {Schlaufman}, Kevin and {Wang}, Songhu and {Weiss}, Lauren and {Petigura}, Erik A. and {Howard}, Andrew W. and {Fang}, Min},
        title = "{California-Kepler Survey. IX. Revisiting the Minimum-mass Extrasolar Nebula with Precise Stellar Parameters}",
      journal = {\aj},
     keywords = {Exoplanet formation, 492, Astrophysics - Earth and Planetary Astrophysics, Astrophysics - Solar and Stellar Astrophysics},
         year = 2020,
        month = jun,
       volume = {159},
       number = {6},
          eid = {247},
        pages = {247},
          doi = {10.3847/1538-3881/ab88b8},
archivePrefix = {arXiv},
       eprint = {2004.04847},
 primaryClass = {astro-ph.EP},
       adsurl = {https://ui.adsabs.harvard.edu/abs/2020AJ....159..247D},
      adsnote = {Provided by the SAO/NASA Astrophysics Data System}
}

@ARTICLE{childs22,
       author = {{Childs}, Anna C. and {Steffen}, Jason H.},
        title = "{Collisional fragmentation and bulk composition tracking in REBOUND}",
      journal = {\mnras},
     keywords = {planets and satellites: composition, planets and satellites: formation, planets and satellites: physical evolution, Astrophysics - Earth and Planetary Astrophysics, Astrophysics - Instrumentation and Methods for Astrophysics},
         year = 2022,
        month = apr,
       volume = {511},
       number = {2},
        pages = {1848-1859},
          doi = {10.1093/mnras/stac158},
archivePrefix = {arXiv},
       eprint = {2201.05714},
 primaryClass = {astro-ph.EP},
       adsurl = {https://ui.adsabs.harvard.edu/abs/2022MNRAS.511.1848C},
      adsnote = {Provided by the SAO/NASA Astrophysics Data System}
}

@ARTICLE{bonfils13,
       author = {{Bonfils}, X. and {Delfosse}, X. and {Udry}, S. and {Forveille}, T. and {Mayor}, M. and {Perrier}, C. and {Bouchy}, F. and {Gillon}, M. and {Lovis}, C. and {Pepe}, F. and {Queloz}, D. and {Santos}, N.~C. and {S{\'e}gransan}, D. and {Bertaux}, J. -L.},
        title = "{The HARPS search for southern extra-solar planets. XXXI. The M-dwarf sample}",
      journal = {\aap},
     keywords = {planetary systems, techniques: radial velocities, methods: data analysis, Astrophysics - Earth and Planetary Astrophysics},
         year = 2013,
        month = jan,
       volume = {549},
          eid = {A109},
        pages = {A109},
          doi = {10.1051/0004-6361/201014704},
archivePrefix = {arXiv},
       eprint = {1111.5019},
 primaryClass = {astro-ph.EP},
       adsurl = {https://ui.adsabs.harvard.edu/abs/2013A&A...549A.109B},
      adsnote = {Provided by the SAO/NASA Astrophysics Data System}
}

@ARTICLE{dressing15,
       author = {{Dressing}, Courtney D. and {Charbonneau}, David},
        title = "{The Occurrence of Potentially Habitable Planets Orbiting M Dwarfs Estimated from the Full Kepler Dataset and an Empirical Measurement of the Detection Sensitivity}",
      journal = {\apj},
     keywords = {catalogs, methods: data analysis, planetary systems, stars: low-mass, surveys, techniques: photometric, Astrophysics - Earth and Planetary Astrophysics, Astrophysics - Solar and Stellar Astrophysics},
         year = 2015,
        month = jul,
       volume = {807},
       number = {1},
          eid = {45},
        pages = {45},
          doi = {10.1088/0004-637X/807/1/45},
archivePrefix = {arXiv},
       eprint = {1501.01623},
 primaryClass = {astro-ph.EP},
       adsurl = {https://ui.adsabs.harvard.edu/abs/2015ApJ...807...45D},
      adsnote = {Provided by the SAO/NASA Astrophysics Data System}
}

@ARTICLE{gaidos16,
       author = {{Gaidos}, E. and {Mann}, A.~W. and {Kraus}, A.~L. and {Ireland}, M.},
        title = "{They are small worlds after all: revised properties of Kepler M dwarf stars and their planets}",
      journal = {\mnras},
     keywords = {stars: abundances, stars: fundamental parameters, stars: late-type, stars: low-mass, planetary systems, stars: statistics, Astrophysics - Earth and Planetary Astrophysics},
         year = 2016,
        month = apr,
       volume = {457},
       number = {3},
        pages = {2877-2899},
          doi = {10.1093/mnras/stw097},
archivePrefix = {arXiv},
       eprint = {1512.04437},
 primaryClass = {astro-ph.EP},
       adsurl = {https://ui.adsabs.harvard.edu/abs/2016MNRAS.457.2877G},
      adsnote = {Provided by the SAO/NASA Astrophysics Data System}
}

@ARTICLE{christiansen18,
       author = {{Christiansen}, Jessie L. and {Crossfield}, Ian J.~M. and {Barentsen}, Geert and {Lintott}, Chris J. and {Barclay}, Thomas and {Simmons}, Brooke. D. and {Petigura}, Erik and {Schlieder}, Joshua E. and {Dressing}, Courtney D. and {Vanderburg}, Andrew and {Allen}, Campbell and {McMaster}, Adam and {Miller}, Grant and {Veldthuis}, Martin and {Allen}, Sarah and {Wolfenbarger}, Zach and {Cox}, Brian and {Zemiro}, Julia and {Howard}, Andrew W. and {Livingston}, John and {Sinukoff}, Evan and {Catron}, Timothy and {Grey}, Andrew and {Kusch}, Joshua J.~E. and {Terentev}, Ivan and {Vales}, Martin and {Kristiansen}, Martti H.},
        title = "{The K2-138 System: A Near-resonant Chain of Five Sub-Neptune Planets Discovered by Citizen Scientists}",
      journal = {\aj},
     keywords = {eclipses, stars: individual: K2-138, techniques: photometric, techniques: spectroscopic, Astrophysics - Earth and Planetary Astrophysics},
         year = 2018,
        month = feb,
       volume = {155},
       number = {2},
          eid = {57},
        pages = {57},
          doi = {10.3847/1538-3881/aa9be0},
archivePrefix = {arXiv},
       eprint = {1801.03874},
 primaryClass = {astro-ph.EP},
       adsurl = {https://ui.adsabs.harvard.edu/abs/2018AJ....155...57C},
      adsnote = {Provided by the SAO/NASA Astrophysics Data System}
}

@ARTICLE{leleu21,
       author = {{Leleu}, A. and {Alibert}, Y. and {Hara}, N.~C. and {Hooton}, M.~J. and {Wilson}, T.~G. and {Robutel}, P. and {Delisle}, J. -B. and {Laskar}, J. and {Hoyer}, S. and {Lovis}, C. and {Bryant}, E.~M. and {Ducrot}, E. and {Cabrera}, J. and {Delrez}, L. and {Acton}, J.~S. and {Adibekyan}, V. and {Allart}, R. and {Allende Prieto}, C. and {Alonso}, R. and {Alves}, D. and {Anderson}, D.~R. and {Angerhausen}, D. and {Anglada Escud{\'e}}, G. and {Asquier}, J. and {Barrado}, D. and {Barros}, S.~C.~C. and {Baumjohann}, W. and {Bayliss}, D. and {Beck}, M. and {Beck}, T. and {Bekkelien}, A. and {Benz}, W. and {Billot}, N. and {Bonfanti}, A. and {Bonfils}, X. and {Bouchy}, F. and {Bourrier}, V. and {Bou{\'e}}, G. and {Brandeker}, A. and {Broeg}, C. and {Buder}, M. and {Burdanov}, A. and {Burleigh}, M.~R. and {B{\'a}rczy}, T. and {Cameron}, A.~C. and {Chamberlain}, S. and {Charnoz}, S. and {Cooke}, B.~F. and {Corral Van Damme}, C. and {Correia}, A.~C.~M. and {Cristiani}, S. and {Damasso}, M. and {Davies}, M.~B. and {Deleuil}, M. and {Demangeon}, O.~D.~S. and {Demory}, B. -O. and {Di Marcantonio}, P. and {Di Persio}, G. and {Dumusque}, X. and {Ehrenreich}, D. and {Erikson}, A. and {Figueira}, P. and {Fortier}, A. and {Fossati}, L. and {Fridlund}, M. and {Futyan}, D. and {Gandolfi}, D. and {Garc{\'\i}a Mu{\~n}oz}, A. and {Garcia}, L.~J. and {Gill}, S. and {Gillen}, E. and {Gillon}, M. and {Goad}, M.~R. and {Gonz{\'a}lez Hern{\'a}ndez}, J.~I. and {Guedel}, M. and {G{\"u}nther}, M.~N. and {Haldemann}, J. and {Henderson}, B. and {Heng}, K. and {Hogan}, A.~E. and {Isaak}, K. and {Jehin}, E. and {Jenkins}, J.~S. and {Jord{\'a}n}, A. and {Kiss}, L. and {Kristiansen}, M.~H. and {Lam}, K. and {Lavie}, B. and {Lecavelier des Etangs}, A. and {Lendl}, M. and {Lillo-Box}, J. and {Lo Curto}, G. and {Magrin}, D. and {Martins}, C.~J.~A.~P. and {Maxted}, P.~F.~L. and {McCormac}, J. and {Mehner}, A. and {Micela}, G. and {Molaro}, P. and {Moyano}, M. and {Murray}, C.~A. and {Nascimbeni}, V. and {Nunes}, N.~J. and {Olofsson}, G. and {Osborn}, H.~P. and {Oshagh}, M. and {Ottensamer}, R. and {Pagano}, I. and {Pall{\'e}}, E. and {Pedersen}, P.~P. and {Pepe}, F.~A. and {Persson}, C.~M. and {Peter}, G. and {Piotto}, G. and {Polenta}, G. and {Pollacco}, D. and {Poretti}, E. and {Pozuelos}, F.~J. and {Queloz}, D. and {Ragazzoni}, R. and {Rando}, N. and {Ratti}, F. and {Rauer}, H. and {Raynard}, L. and {Rebolo}, R. and {Reimers}, C. and {Ribas}, I. and {Santos}, N.~C. and {Scandariato}, G. and {Schneider}, J. and {Sebastian}, D. and {Sestovic}, M. and {Simon}, A.~E. and {Smith}, A.~M.~S. and {Sousa}, S.~G. and {Sozzetti}, A. and {Steller}, M. and {Su{\'a}rez Mascare{\~n}o}, A. and {Szab{\'o}}, Gy. M. and {S{\'e}gransan}, D. and {Thomas}, N. and {Thompson}, S. and {Tilbrook}, R.~H. and {Triaud}, A. and {Turner}, O. and {Udry}, S. and {Van Grootel}, V. and {Venus}, H. and {Verrecchia}, F. and {Vines}, J.~I. and {Walton}, N.~A. and {West}, R.~G. and {Wheatley}, P.~J. and {Wolter}, D. and {Zapatero Osorio}, M.~R.},
        title = "{Six transiting planets and a chain of Laplace resonances in TOI-178}",
      journal = {\aap},
     keywords = {techniques: photometric, techniques: spectroscopic, celestial mechanics, planets and satellites: detection, planets and satellites: dynamical evolution and stability, Astrophysics - Earth and Planetary Astrophysics},
         year = 2021,
        month = may,
       volume = {649},
          eid = {A26},
        pages = {A26},
          doi = {10.1051/0004-6361/202039767},
archivePrefix = {arXiv},
       eprint = {2101.09260},
 primaryClass = {astro-ph.EP},
       adsurl = {https://ui.adsabs.harvard.edu/abs/2021A&A...649A..26L},
      adsnote = {Provided by the SAO/NASA Astrophysics Data System}
}

@ARTICLE{mcnally19,
       author = {{McNally}, Colin P. and {Nelson}, Richard P. and
         {Paardekooper}, Sijme-Jan},
        title = "{Multiplanet systems in inviscid discs can avoid forming resonant chains}",
      journal = {arXiv e-prints},
     keywords = {Astrophysics - Earth and Planetary Astrophysics},
         year = "2019",
        month = "Jul",
          eid = {arXiv:1907.09313},
        pages = {arXiv:1907.09313},
archivePrefix = {arXiv},
       eprint = {1907.09313},
 primaryClass = {astro-ph.EP},
       adsurl = {https://ui.adsabs.harvard.edu/abs/2019arXiv190709313M},
      adsnote = {Provided by the SAO/NASA Astrophysics Data System}
}

@ARTICLE{terquem07,
       author = {{Terquem}, Caroline and {Papaloizou}, John C.~B.},
        title = "{Migration and the Formation of Systems of Hot Super-Earths and Neptunes}",
      journal = {\apj},
     keywords = {Stars: Planetary Systems: Formation, Stars: Planetary Systems: Protoplanetary Disks, Astrophysics},
         year = "2007",
        month = "Jan",
       volume = {654},
       number = {2},
        pages = {1110-1120},
          doi = {10.1086/509497},
archivePrefix = {arXiv},
       eprint = {astro-ph/0609779},
 primaryClass = {astro-ph},
       adsurl = {https://ui.adsabs.harvard.edu/abs/2007ApJ...654.1110T},
      adsnote = {Provided by the SAO/NASA Astrophysics Data System}
}

@ARTICLE{pierens11,
       author = {{Pierens}, A. and {Baruteau}, C. and {Hersant}, F.},
        title = "{On the dynamics of resonant super-Earths in disks with turbulence driven by stochastic forcing}",
      journal = {\aap},
     keywords = {accretion, accretion disks, planets and satellites: formation, hydrodynamics, methods: numerical, Astrophysics - Earth and Planetary Astrophysics},
         year = "2011",
        month = "Jul",
       volume = {531},
          eid = {A5},
        pages = {A5},
          doi = {10.1051/0004-6361/201116611},
archivePrefix = {arXiv},
       eprint = {1103.4923},
 primaryClass = {astro-ph.EP},
       adsurl = {https://ui.adsabs.harvard.edu/abs/2011A&A...531A...5P},
      adsnote = {Provided by the SAO/NASA Astrophysics Data System}
}

@ARTICLE{hands14,
       author = {{Hands}, T.~O. and {Alexander}, R.~D. and {Dehnen}, W.},
        title = "{Understanding the assembly of Kepler's compact planetary systems}",
      journal = {\mnras},
     keywords = {methods: numerical, planets and satellites: dynamical evolution and
        stability, planets and satellites: formation, planets and
        satellites: individual: Kepler-11, planets and satellites:
        individual: Kepler-32, planets and satellites: individual:
        Kepler-80, Astrophysics - Earth and Planetary Astrophysics},
         year = 2014,
        month = Nov,
       volume = {445},
        pages = {749-760},
          doi = {10.1093/mnras/stu1751},
archivePrefix = {arXiv},
       eprint = {1409.0532},
 primaryClass = {astro-ph.EP},
       adsurl = {https://ui.adsabs.harvard.edu/#abs/2014MNRAS.445..749H},
      adsnote = {Provided by the SAO/NASA Astrophysics Data System}
}

@ARTICLE{levison08,
       author = {{Levison}, Harold F. and {Morbidelli}, Alessandro and {Van Laerhoven}, Christa and {Gomes}, Rodney and {Tsiganis}, Kleomenis},
        title = "{Origin of the structure of the Kuiper belt during a dynamical instability in the orbits of Uranus and Neptune}",
      journal = {\icarus},
     keywords = {Earth Science, Astrophysics},
         year = 2008,
        month = jul,
       volume = {196},
       number = {1},
        pages = {258-273},
          doi = {10.1016/j.icarus.2007.11.035},
archivePrefix = {arXiv},
       eprint = {0712.0553},
 primaryClass = {astro-ph},
       adsurl = {https://ui.adsabs.harvard.edu/abs/2008Icar..196..258L},
      adsnote = {Provided by the SAO/NASA Astrophysics Data System}
}

@ARTICLE{he22,
       author = {{He}, Matthias Y. and {Ford}, Eric B.},
        title = "{Debiasing the Minimum-mass Extrasolar Nebula: On the Diversity of Solid Disk Profiles}",
      journal = {\aj},
     keywords = {Exoplanet systems, Exoplanet formation, Exoplanets, Extrasolar rocky planets, Planetary system formation, Protoplanetary disks, 484, 492, 498, 511, 1257, 1300, Astrophysics - Earth and Planetary Astrophysics},
         year = 2022,
        month = nov,
       volume = {164},
       number = {5},
          eid = {210},
        pages = {210},
          doi = {10.3847/1538-3881/ac93f4},
archivePrefix = {arXiv},
       eprint = {2208.09031},
 primaryClass = {astro-ph.EP},
       adsurl = {https://ui.adsabs.harvard.edu/abs/2022AJ....164..210H},
      adsnote = {Provided by the SAO/NASA Astrophysics Data System}
}

@ARTICLE{raymond14,
       author = {{Raymond}, S.~N. and {Cossou}, C.},
        title = "{No universal minimum-mass extrasolar nebula: evidence against in situ accretion of systems of hot super-Earths.}",
      journal = {\mnras},
     keywords = {planets and satellites: detection, planets and satellites: formation, planets and satellites: terrestrial planets, protoplanetary discs, Astrophysics - Earth and Planetary Astrophysics, Astrophysics - Solar and Stellar Astrophysics},
         year = 2014,
        month = May,
       volume = {440},
        pages = {L11-L15},
          doi = {10.1093/mnrasl/slu011},
archivePrefix = {arXiv},
       eprint = {1401.3743},
 primaryClass = {astro-ph.EP},
       adsurl = {https://ui.adsabs.harvard.edu/\#abs/2014MNRAS.440L..11R},
      adsnote = {Provided by the SAO/NASA Astrophysics Data System}
}

@ARTICLE{youdin05,
       author = {{Youdin}, Andrew N. and {Goodman}, Jeremy},
        title = "{Streaming Instabilities in Protoplanetary Disks}",
      journal = {\apj},
     keywords = {Hydrodynamics, Instabilities, Stars: Planetary Systems: Formation, Stars: Planetary Systems: Protoplanetary Disks, Astrophysics},
         year = 2005,
        month = feb,
       volume = {620},
       number = {1},
        pages = {459-469},
          doi = {10.1086/426895},
archivePrefix = {arXiv},
       eprint = {astro-ph/0409263},
 primaryClass = {astro-ph},
       adsurl = {https://ui.adsabs.harvard.edu/abs/2005ApJ...620..459Y},
      adsnote = {Provided by the SAO/NASA Astrophysics Data System}
}

@ARTICLE{simon16,
       author = {{Simon}, Jacob B. and {Armitage}, Philip J. and {Li}, Rixin and {Youdin}, Andrew N.},
        title = "{The Mass and Size Distribution of Planetesimals Formed by the Streaming Instability. I. The Role of Self-gravity}",
      journal = {\apj},
     keywords = {hydrodynamics, instabilities, planets and satellites: formation, protoplanetary disks, Astrophysics - Solar and Stellar Astrophysics, Astrophysics - Earth and Planetary Astrophysics},
         year = 2016,
        month = may,
       volume = {822},
       number = {1},
          eid = {55},
        pages = {55},
          doi = {10.3847/0004-637X/822/1/55},
archivePrefix = {arXiv},
       eprint = {1512.00009},
 primaryClass = {astro-ph.SR},
       adsurl = {https://ui.adsabs.harvard.edu/abs/2016ApJ...822...55S},
      adsnote = {Provided by the SAO/NASA Astrophysics Data System}
}

@ARTICLE{schafer17,
       author = {{Sch{\"a}fer}, Urs and {Yang}, Chao-Chin and {Johansen}, Anders},
        title = "{Initial mass function of planetesimals formed by the streaming instability}",
      journal = {\aap},
     keywords = {hydrodynamics, instabilities, methods: numerical, planets and satellites: formation, protoplanetary disks, Astrophysics - Earth and Planetary Astrophysics},
         year = 2017,
        month = jan,
       volume = {597},
          eid = {A69},
        pages = {A69},
          doi = {10.1051/0004-6361/201629561},
archivePrefix = {arXiv},
       eprint = {1611.02285},
 primaryClass = {astro-ph.EP},
       adsurl = {https://ui.adsabs.harvard.edu/abs/2017A&A...597A..69S},
      adsnote = {Provided by the SAO/NASA Astrophysics Data System}
}

@ARTICLE{li19,
       author = {{Li}, Rixin and {Youdin}, Andrew N. and {Simon}, Jacob B.},
        title = "{Demographics of Planetesimals Formed by the Streaming Instability}",
      journal = {\apj},
     keywords = {hydrodynamics, instabilities, methods: data analysis, methods: statistical, planets and satellites: formation, protoplanetary disks, Astrophysics - Earth and Planetary Astrophysics},
         year = 2019,
        month = nov,
       volume = {885},
       number = {1},
          eid = {69},
        pages = {69},
          doi = {10.3847/1538-4357/ab480d},
archivePrefix = {arXiv},
       eprint = {1906.09261},
 primaryClass = {astro-ph.EP},
       adsurl = {https://ui.adsabs.harvard.edu/abs/2019ApJ...885...69L},
      adsnote = {Provided by the SAO/NASA Astrophysics Data System}
}

@ARTICLE{carrera15,
       author = {{Carrera}, Daniel and {Johansen}, Anders and {Davies}, Melvyn B.},
        title = "{How to form planetesimals from mm-sized chondrules and chondrule aggregates}",
      journal = {\aap},
     keywords = {minor planets, asteroids: general, planets and satellites: formation, planets and satellites: terrestrial planets, protoplanetary disks, hydrodynamics, methods: numerical, Astrophysics - Earth and Planetary Astrophysics},
         year = 2015,
        month = jul,
       volume = {579},
          eid = {A43},
        pages = {A43},
          doi = {10.1051/0004-6361/201425120},
archivePrefix = {arXiv},
       eprint = {1501.05314},
 primaryClass = {astro-ph.EP},
       adsurl = {https://ui.adsabs.harvard.edu/abs/2015A&A...579A..43C},
      adsnote = {Provided by the SAO/NASA Astrophysics Data System}
}

@ARTICLE{yang17,
       author = {{Yang}, Chao-Chin and {Johansen}, Anders and {Carrera}, Daniel},
        title = "{Concentrating small particles in protoplanetary disks through the streaming instability}",
      journal = {\aap},
     keywords = {hydrodynamics, methods: numerical, minor planets, asteroids: general, planets and satellites: formation, protoplanetary disks, instabilities, Astrophysics - Earth and Planetary Astrophysics},
         year = 2017,
        month = oct,
       volume = {606},
          eid = {A80},
        pages = {A80},
          doi = {10.1051/0004-6361/201630106},
archivePrefix = {arXiv},
       eprint = {1611.07014},
 primaryClass = {astro-ph.EP},
       adsurl = {https://ui.adsabs.harvard.edu/abs/2017A&A...606A..80Y},
      adsnote = {Provided by the SAO/NASA Astrophysics Data System}
}

@ARTICLE{gonzalez17,
       author = {{Gonzalez}, J. -F. and {Laibe}, G. and {Maddison}, S.~T.},
        title = "{Self-induced dust traps: overcoming planet formation barriers}",
      journal = {\mnras},
     keywords = {Protoplanetary discs, Hydrodynamics, Methods: numerical, hydrodynamics, methods: numerical, protoplanetary discs, Astrophysics - Earth and Planetary Astrophysics, Astrophysics - Solar and Stellar Astrophysics},
         year = 2017,
        month = may,
       volume = {467},
       number = {2},
        pages = {1984-1996},
          doi = {10.1093/mnras/stx016},
archivePrefix = {arXiv},
       eprint = {1701.01115},
 primaryClass = {astro-ph.EP},
       adsurl = {https://ui.adsabs.harvard.edu/abs/2017MNRAS.467.1984G},
      adsnote = {Provided by the SAO/NASA Astrophysics Data System}
}

@ARTICLE{kenyon04,
       author = {{Kenyon}, Scott J. and {Bromley}, Benjamin C.},
        title = "{Detecting the Dusty Debris of Terrestrial Planet Formation}",
      journal = {\apjl},
     keywords = {Stars: Circumstellar Matter, Stars: Planetary Systems, Solar System: Formation, Stars: Formation, Astrophysics},
         year = 2004,
        month = feb,
       volume = {602},
       number = {2},
        pages = {L133-L136},
          doi = {10.1086/382693},
archivePrefix = {arXiv},
       eprint = {astro-ph/0401343},
 primaryClass = {astro-ph},
       adsurl = {https://ui.adsabs.harvard.edu/abs/2004ApJ...602L.133K},
      adsnote = {Provided by the SAO/NASA Astrophysics Data System}
}